2146 4084
253 229 291 297 pt
461 213 464 218 '
509 196 687 266 'Elementa

215 319 250 368 tu
272 299 465 375 agitatorum,
486 283 554 346 hinc
576 280 599 340 si
621 275 700 338 nulla
719 287 840 336 externa
861 267 892 331 vi
906 269 954 333 hae
965 286 1032 342 pat-

216 379 318 448 siculae
339 371 532 448 dissipentur,
560 357 635 436 iguis
654 355 743 418 debet
762 349 937 430 perdurare.
968 349 1028 410 Ve-

217 485 282 530 rum
297 455 405 533 ‘utique
423 465 469 514 est
491 458 624 507 nostrum
645 438 739 514 ignem
758 431 886 507 indigere
902 424 1032 506 pabulo;

215 545 286 620 quia
307 552 410 610 nempe
429 550 448 591 a
467 520 750 600 comprimenteaere
770 515 862 590 igneae
874 507 1032 586 particula

216 635 405 703 separantur,
425 627 538 673 sursum
557 615 700 676 aguntur,
720 615 754 658 ac
774 591 912 655 aliorsum
932 607 1032 651 trans·
1067 629 1068 646 n

217 710 380 776 feruntur,
408 689 484 752 unde
503 701 603 749 earum
633 675 740 757 tactura
760 693 837 735 novo
858 668 964 746 pabulo
984 683 1031 730 est

217 781 381 854 necessario
400 765 571 850 reparanda.
593 764 635 822 At
655 749 906 832 Solisparticulaeg,
929 769 1031 825 quam-

217 869 263 932 uis
285 866 315 928 in
333 873 419 924 motu
440 848 555 926 abipso
575 835 734 914 recedant,
752 834 818 910 quia
841 826 1030 895 temennulla

219 942 425 1028 perturbantur
445 929 607 995 extrinseca
634 938 758 990 caussa,
790 910 856 975 tine
878 909 1031 988 gravitate

220 1049 272 1093 sua
302 1025 332 1086 in
352 1011 488 1084 eumdem
519 1002 711 1074 relabuntur,
737 1016 771 1060 ac
802 994 916 1069 igneam
946 1009 1032 1053 suem

164 1131 165 1134 ’
220 1124 356 1174 naturam
376 1103 544 1162 constanter
563 1095 700 1148 emvanr.

262 1205 330 1260 253·
351 1173 493 1244 Instabis.
522 1169 631 1231 Noster
661 1153 734 1234 ignis
765 1152 857 1216 etiem
888 1149 917 1211 in
941 1167 1035 1212 saeuo

220 1265 331 1344 indiget
351 1253 472 1338 pabulo.
494 1242 685 1312 Imoflamma
694 1238 723 1298 in
734 1230 1030 1308 uacuoextinguitur‚
1067 1267 1068 1284 i

221 1367 291 1427 ergo
311 1354 360 1409 aet
381 1357 439 1402 uon
459 1326 551 1394 olficit
575 1323 647 1402 ignis
666 1312 900 1382 conservationi.
1067 1341 1068 1344 ,

260 1423 393 1502 esniR.
415 1409 547 1485 nabulo,
577 1423 638 1480 quo
659 1413 757 1462 noster
787 1392 859 1480 ignis
880 1390 1031 1464 nutritur,
1066 1373 1068 1456 l

223 1505 318 1588 plures
339 1479 698 1574 heterogeneaeparticulae
719 1474 945 1552 permilcentur,
968 1485 1035 1545 quae

223 1588 261 1652 ad
289 1585 439 1649 flammam
469 1586 537 1638 suut
565 1583 676 1646 prorsus
707 1559 825 1632 ineptae.
835 1575 846 1633 3
872 1549 936 1612 sota
957 1549 1035 1614 enim
1066 1585 1068 1678 ⁴

223 1667 290 1732 olea
312 1677 381 1728 sunt
404 1673 505 1722 verum
534 1646 610 1724 ignis
627 1637 785 1720 pabulum:
811 1649 969 1710 propterea
988 1625 1035 1690 ad

223 1747 376 1813 flammam
394 1725 621 1802 conservandam
641 1738 687 1786 est
698 1713 854 1781 necessaria
863 1713 939 1774 aeris
958 1729 1036 1788 pres·
1067 1745 1068 1752 κ

224 1829 286 1905 sio,
306 1841 374 1901 qua:
396 1811 515 1881 inutiles
535 1821 629 1884 partes
649 1799 685 1864 ad
714 1799 812 1875 ignem.
836 1789 1034 1856 suffocandum
1067 1799 1068 1802 ’

224 1901 387 1985 ιριῐεὲὶιηεε
405 1891 503 1974 procul
526 1885 562 1951 ab
582 1885 648 1962 igne
668 1895 786 1944 arceat.
805 1880 906 1958 Quare
926 1873 955 1933 in
976 1867 1037 1946 ple·

225 2009 265 2052 no
285 1979 469 2057 extinguitur
489 1983 587 2034 noster
607 1965 700 2041 ignis,
720 1949 1036 2030 sideliciatpabulum,
1059 1965 1068 1998 r

226 2067 292 2145 quia
314 2066 375 2146 ejus
396 2050 548 2138 particulae
571 2046 651 2110 nullo
677 2041 790 2120 glutine
810 2033 943 2098 detentae
964 2034 1038 2109 hac,

226 2149 349 2226 illacque
369 2139 511 2214 avolant3·
542 2131 571 2196 in
592 2145 687 2200 vacuo
715 2136 816 2184 autem
836 2131 932 2182 cessat
954 2109 1040 2173 flam·
1067 2111 1068 2164 l

158 2252 163 2260 ·
226 2249 306 2305 mn,
334 2226 402 2304 quia
431 2218 580 2288 fumosae,
610 2211 643 2271 nc
665 2209 866 2278 heterogeneae
888 2190 1041 2272 particulae

226 2299 551 2374 dessidentesunionem
571 2293 718 2368 ignearum
740 2277 919 2356 impediunt.
944 2279 988 2336 At
1010 2271 1039 2332 in

226 2387 292 2458 sole
310 2382 344 2450 ὰ
364 2379 472 2459 pressio
491 2373 613 2438 habetur
633 2355 814 2426 circurnlluae
830 2354 982 2429 materiae,
1006 2349 1045 2414 de

229 2489 285 2547 qua
306 2477 423 2544 postea:
451 2455 484 2521 ὅ(
504 2447 656 2532 particulae
686 2437 797 2504 avulsae
826 2437 855 2497 in
875 2429 1042 2498 centralem

160 2619 164 2626 ,
228 2551 341 2626 ignem,
362 2542 423 2605 sive
442 2536 536 2602 Solem
556 2529 728 2610 gravitant,
758 2519 846 2595 inque
868 2536 938 2580 eum
966 2509 1045 2574 rela-
1066 2457 1068 2566 l

228 2631 356 2700 buntur,
378 2621 581 2692 ubi'uovam,
604 2629 639 2674 ac
660 2619 816 2682 perennem
838 2597 968 2662 subeunt
1001 2593 1052 2654 in·

132 2701 139 2710 *
229 2703 489 2775 flammationem,'
818 2719 822 2728 ·

271 2811 340 2864 253.
360 2788 470 2859 Opp.3.
492 2781 526 2851 l,
547 2773 575 2838 Si
584 2769 626 2836 sol
646 2779 725 2833 esset
746 2761 835 2839 ignis,
859 2774 1047 2834 nequaquam

229 2868 352 2936 laederet
373 2861 680 2926 oculumrntuentem.
702 2849 751 2922 ΙΙ,
771 2845 837 2906 Non
848 2853 947 2916 posset
972 2837 1052 2914 ignis

231 2969 333 3014 totum
355 2941 497 3007 muudum
525 2935 704 3008 illuminare.
735 2927 807 3002 lll.‚
840 2917 1051 3012 Mercurium,

230 3032 284 3106 sibi
305 3027 431 3093 vicinum
452 3025 481 3085 in
516 3015 635 3092 avillas,
666 3030 699 3074 ac
718 3006 829 3070 cineres
850 3017 968 3077 prorsus
990 2996 1055 3061 drs·

278 3133 292 3170 v
368 3155 375 3170 ,
438 3141 440 3151 .

230 3111 403 3268 εφὶεξὲῗῖῑίν.
424 3185 508 3262 Ignes
526 3180 617 3245 etiam
646 3169 833 3232 vehementes
861 3156 977 3222 laedunt
1010 3157 1068 3219 ina

230 3291 367 3340 tuentem
388 3263 528 3338 oculum,
543 3273 587 3320 *ut
611 3265 694 3332 patet
719 3248 748 3308 in
771 3243 899 3309 accensis
921 3235 1057 3301 sonnaci-

231 3357 300 3425 bus:
322 3347 400 3415 uude
419 3365 477 3408 non
499 3340 622 3411 mirum,
642 3329 785 3408 elingens
807 3323 880 3401 ignis
898 3339 1060 3392 oceanus,

230 3437 307 3500 idest
329 3429 376 3494 Sol
397 3437 591 3490 contuentem
609 3409 731 3476 oculum
755 3404 863 3470 laedat.
890 3404 1063 3464 Caeterum·

231 3509 425 3604 incolatibus
459 3500 611 3582 eclipsibus
630 3538 642 3575 2
668 3511 735 3559 cum
765 3506 822 3549 una
843 3479 1015 3623 Solistars
1036 3497 1058 3539 a

282 3609 293 3620 '⁴
613 3634 615 3639 ,
821 3606 831 3612 -
948 3581 1016 3627 ulle
