2134 4084
271 235 309 290 so
365 226 370 242 ¹
547 203 724 277 Elementa?
812 222 815 230 '

226 289 401 366 uusfuerit,
421 288 467 352 uti
488 307 627 356 notarunt
637 291 797 368 Dechnles,
819 288 1036 378 &Wolphiun

226 373 299 437 adeo
320 391 418 434 verum
440 391 457 431 a
478 371 684 447 Copemicanis
711 375 808 436 omnia
832 379 1033 442 Astronomiae

226 457 412 530 phaenomena
433 449 659 530 simplicissime,
690 473 724 516 ac
746 451 1035 536 nitidissimeoxpli-

224 531 298 596 carl.
324 531 442 608 Physica
464 533 553 596 etiam
575 531 645 594 nihil
665 534 781 612 objicit,
802 553 818 595 a
839 556 897 610 quo
919 542 1033 616 Coper·

224 612 320 675 nicani
340 633 371 675 se
398 607 561 676 felicissime
582 633 640 674 non
672 613 852 691 expediant,
885 617 965 692 quod
996 640 1031 684 ex

222 689 428 757 difficultatum
450 691 718 758 solutioneclarius
737 693 867 770 parebit.

388 811 554 878 dudiuntur
572 805 841 908 Auticopernicani.
860 821 862 828 '

261 955 329 1006 ιω.
348 940 422 1018 opp.
445 963 469 1000 1.
489 956 524 998 er
547 929 751 997 Astronomia.
780 934 808 996 si
831 947 905 1002 terra
927 957 1028 1000 annuo

171 1047 174 1050 ·
219 1032 302 1078 motu
322 1016 398 1082 circa
419 1016 512 1083 solem
532 1031 702 1092 gyraretur,
729 1010 866 1081 deberent
886 1018 953 1084 fixae
979 1036 1026 1082 ra·

142 1094 153 1110 “
220 1095 294 1157 riare
313 1095 532 1162 inclinationem
560 1093 596 1156 ad
627 1093 737 1156 telluris
756 1115 865 1158 auem.
891 1100 1026 1176 Concipe

216 1175 295 1236 enim
317 1191 404 1241 terrae
425 1175 555 1242 orbitam?
568 1175 656 1238 ANF·
671 1168 738 1260 (fig.
752 1187 797 1236 1⁶.
813 1175 839 1250 l:
860 1196 1023 1256 centroque

217 1251 329 1316 telluris
348 1259 495 1322 existente
515 1256 544 1317 iu
566 1259 593 1318 A
616 1255 670 1318 lixa
693 1259 712 1314 Ρ
735 1253 876 1318 uidebitur
896 1259 951 1321 sub
973 1280 1025 1322 au·

214 1331 282 1412 gulo
303 1337 396 1400 PAB:
416 1339 562 1402 existente
572 1355 640 1398 vero
662 1336 689 1396 in
712 1335 733 1394 F
743 1382 752 1410 ,
769 1333 948 1412 spedlabitur
970 1340 1024 1402 suh

213 1410 319 1488 angulo
341 1421 438 1482 PFO:
466 1415 515 1480 sed
536 1415 657 1492 angulus
679 1417 752 1476 uhu
771 1433 818 1478 est
840 1419 960 1494 aequalis
980 1420 1024 1483 al-

213 1507 299 1558 terno
320 1501 399 1563 AOF
421 1501 542 1580 (Geom.
551 1516 578 1559 n.
588 1496 665 1574 44),
686 1495 735 1571 qui
757 1497 847 1574 maior
866 1515 912 1560 est
932 1519 1022 1576 angu-

213 1571 243 1638 lo
264 1578 337 1642 PFO
357 1582 369 1656 (
386 1577 535 1644 ibidmco
549 1579 581 1657 );
603 1599 670 1653 ergo
690 1575 811 1653 angulus
829 1580 905 1640 PAss
924 1583 1019 1658 major

211 1671 260 1718 est
280 1660 385 1738 angulo
396 1663 487 1734 l‘FO,
508 1677 575 1736 ergo
597 1661 620 1718 si
645 1674 720 1719 terra
743 1675 928 1736 moveretur,
954 1661 1021 1724 lirae
1062 1708 1066 1718 .

211 1751 362 1800 mutarent
389 1736 607 1801 inclinationem
627 1734 664 1796 ad
683 1755 767 1797 axem
795 1733 936 1800 telluris.
963 1744 1021 1804 At·
1062 1745 1066 1768 ²

211 1834 268 1891 que
288 1819 354 1878 huic
375 1812 814 1893 argumentomaximumaddit
823 1815 934 1889 pondus
956 1839 1017 1882 nm·
1060 1826 1062 1835 ’

210 1892 324 1972 plitudo
353 1897 449 1972 magni
477 1895 577 1968 orbis,
606 1894 691 1972 cujus
729 1891 943 1962 semidiameter
972 1903 1018 1964 As

210 1972 344 2052 adaequat
366 1991 461 2037 totam
482 1973 554 2038 Solis
573 1973 779 2035 distantiuma
805 1991 892 2040 terrae
911 1997 1017 2044 centro

209 2051 242 2117 dt
266 2055 370 2130 positio
390 2057 451 2119 axis
472 2055 616 2118 terrestris
636 2057 685 2116 BC
705 2051 826 2116 eandem
845 2066 1017 2124 constanter

208 2133 427 2200 inclinationem
447 2137 593 2201 servantis
613 2133 649 2198 ad
670 2133 787 2211 planum
808 2134 908 2200 circuli
934 2143 1016 2204 ANF
1064 2173 1065 2190 ÷

207 2216 261 2288 (n.
283 2215 374 2294 137):
395 2216 444 2297 sed
466 2237 520 2280 nec
541 2219 661 2294 Tycho,
681 2235 735 2278 nec
760 2213 905 2279 Riccioles
925 2222 1015 2285 meri·
1063 2249 1064 2275 t

207 2295 263 2358 mis
292 2297 427 2360 adhibitis
443 2297 656 2361 'instrumentis
688 2294 777 2358 ullam
805 2294 1015 2371 deprehendere

205 2391 333 2451 unquam
354 2394 511 2451 potuerunt
531 2378 562 2440 in
583 2377 643 2442 listis
660 2375 832 2438 varietatem
853 2375 1015 2444 inclinatiu-
1062 2403 1063 2416 ¹

208 2455 252 2516 nis
271 2454 307 2518 ad
329 2455 439 2524 telluris
458 2477 558 2528 axem:
592 2476 659 2532 ergo
683 2460 744 2517 (lc.
764 2452 853 2538 Simili
877 2457 913 2520 de
933 2479 1015 2524 caus·

208 2552 240 2599 sa
263 2535 338 2599 varia
361 2535 437 2602 foret
458 2537 575 2615 singulis
596 2537 664 2599 anni
683 2534 781 2600 diebus
801 2535 932 2600 altitudo
956 2539 1014 2622 poli

103 2689 107 2698 ,
208 2615 291 2680 nobis
318 2618 489 2696 conspicui:
516 2621 587 2682 item
614 2617 695 2680 uaria
725 2615 857 2682 lixarum·
873 2637 1014 2696 apparens

207 2697 390 2775 magnitudo:
423 2698 471 2761 sed
494 2701 594 2760 horum
615 2695 685 2758 nihil
707 2697 898 2769 observarunt
917 2700 1013 2766 uoue-

207 2797 263 2842 nus
282 2781 452 2843 Astronomi
474 2776 671 2856 solertissimi,
692 2795 760 2854 ergo
780 2775 840 2840 dcc.

252 2883 318 2933 143·
338 2865 379 2924 R.
398 2860 482 2924 Fisus
510 2860 615 2924 nedum
636 2878 652 2920 a
674 2873 748 2922 terre
778 2859 877 2922 abesse
898 2856 1013 2938 longius

205 2942 332 3006 Saturno
352 2941 479 3003 omnium
489 2937 670 3017 planetarum
685 2939 934 3018 remotissima
955 2963 1015 3019 quo

205 3019 287 3082 nobis
312 3021 483 3099 quandoque
504 3021 710 3091 occultantur,
738 3019 828 3082 sicuti
846 3019 1015 3088 observavit

205 3102 341 3172 Kirchius
360 3123 436 3164 anno
459 3115 533 3178 ¹697
556 3121 566 3178 ,·
595 3098 644 3162 sed
664 3099 806 3161 immenso
824 3117 897 3176 pene
916 3102 1014 3167 iuter·

204 3183 283 3249 uallo
308 3203 326 3246 a
346 3184 427 3248 uobis
455 3182 561 3248 distare
578 3199 589 3257 ,·
617 3179 684 3239 hinc
704 3180 781 3242 enim
801 3177 870 3256 fir,·
889 3196 924 3244 ut
946 3181 1015 3250 fisa

203 3266 295 3330 etiam
324 3266 424 3342 primm
445 3258 651 3343 magnitudinis
679 3258 836 3336 telescopio
855 3262 984 3328 'casales
1003 3273 1032 3346 ,'

203 3345 237 3414 &
260 3343 380 3426 amplius
401 3343 508 3425 objedla
519 3355 534 3423 ς
557 3344 883 3418 ipsrmqtse-‹ssrumum
898 3349 1017 3420 angen:

197 3446 236 3492 te
256 3425 433 3504 conspedlae,
456 3421 549 3486 veluti
569 3417 682 3496 pondo
704 3419 829 3486 lucentia
850 3441 1015 3488 cernantur

113 3507 114 3514 ’
203 3509 284 3576 omni
303 3508 414 3578 orbatae
435 3501 537 3574 visibili
556 3499 770 3601 magnitudines
790 3501 849 3566 imo
867 3502 1017 3586 minores,
1049 3519 1051 3566 f

364 3611 367 3616 ·
677 3608 690 3642 t
878 3602 978 3660 quam
