2146 4084
272 245 404 330 Pbyrr‘cae
424 247 635 316 Posticulum.
684 323 686 327 ,
777 261 810 324 ti

77 345 140 411 tur,
160 345 308 410 propterea
329 354 396 398 sese
416 329 684 401 intersecanressibi
697 349 802 410 mutuo
818 333 868 402 ad·

76 409 167 556 (egent
186 411 214 473 in
236 410 357 488 regulari
378 431 460 476 motu
481 413 737 492 impedimentum.
766 415 867 486 Adde,

76 515 94 555 o
115 492 284 568 xerrantibus
303 513 370 556 cum
391 497 531 570 Tychone
559 493 684 572 pluribus
712 496 865 562 solertissi-

76 573 341 652 misndstronomis,
361 572 753 652 quandoquecometnsesse
771 585 870 645 Satur·

75 671 110 714 no
133 645 299 730 inferiorem
327 655 355 716 hi
376 655 464 730 igitur
485 671 617 720 nostrum
639 654 757 733 ingressi
777 657 868 721 verti-

26 799 28 808 s
70 749 150 808 cem,
177 727 291 796 diverso
310 749 409 796 tamen
430 736 698 800 a-nosrriuorticis
720 755 802 802 motu
824 743 871 802 ra·'
893 807 898 820 s

30 867 34 874 .
69 811 200 891 piuntur,
220 811 298 888 quod
317 833 433 876 omnem
454 813 569 894 excedit
589 813 693 880 fidem.
715 814 846 894 Secundo
860 848 874 894 ,ι

69 893 111 958 uti
130 889 258 955 advertit
279 891 436 972 Kendems,
457 906 560 958 vortex
570 897 723 974 rodericus
743 913 791 962 est
809 917 871 961 om·

68 973 136 1035 nino
157 973 249 1047 impar
267 975 361 1037 motui
389 973 569 1052 planetarum
598 975 728 1056 eiiiptito
758 997 873 1056 promo·

66 1051 176 1131 vend03
195 1069 263 1116 tum
284 1054 362 1118 enim
383 1059 484 1120 vortex
496 1056 654 1134 sphaericus
671 1055 873 1122 eandemcen·

67 1130 204 1210 trifugam
233 1133 292 1196 vim
323 1151 493 1200 constanter
512 1135 643 1218 habeat,
674 1156 731 1202 non
753 1136 872 1222 'poterit

67 1212 197 1293 planetis
218 1213 347 1280 tribuere
367 1216 475 1279 variam
497 1214 689 1296 centrisugam
712 1217 788 1298 rim,
814 1235 874 1296 qua

67 1293 154 1358 mddo
174 1291 277 1368 aphelii
299 1295 378 1374 sint,
410 1290 496 1358 modd
515 1297 672 1378 periheiii,
704 1299 791 1362 sicuti
810 1298 872 1364 exi·

66 1377 110 1454 git
131 1373 406 1450 motuseiiipticus.
425 1377 454 1438 si
474 1375 552 1438 didas
573 1399 640 1442 cum
659 1378 873 1458 Cartesiouor·

64 1457 158 1537 ricem
190 1452 253 1516 fiori
282 1451 446 1528 eliipticum
469 1475 506 1518 ex
533 1458 753 1530 compressione
766 1456 875 1518 sorti-

65 1555 139 1600 tum
160 1531 233 1595 fixas
254 1527 479 1610 deferentium·
497 1531 671 1610 probandum
691 1534 744 1600 tibi
763 1534 876 1599 incuru-

63 1617 113 1680 bit
134 1611 261 1684 fixarum
290 1613 416 1674 vortices
438 1613 577 1691 aequalem
609 1615 712 1692 habers
731 1614 819 1692 vim,·
850 1615 875 1678 si

62 1695 148 1760 enim
172 1689 324 1768 inaequaiis
343 1705 514 1773 statuatur,-
546 1697 590 1759 uti
611 1694 763 1759 dicendum
793 1691 875 1758 uide-

63 1793 133 1850 tur,
168 1771 240 1848 fient
260 1769 376 1848 quidem
395 1793 432 1837 err
453 1793 555 1838 eorum
574 1777 784 1852 compressione
803 1774 874 1838 irre-

65 1853 178 1932 gulares
201 1851 539 1936 pianetarumuorrices,¹
561 1877 619 1920 non
642 1874 739 1935 tamen
763 1853 874 1935 ellipsi-

65 1937 90 2000 οἱ
115 1952 122 1992 :
153 1931 214 2017 imo
235 1932 363 2002 vortices
384 1933 552 2016 inferiores,
575 1953 645 2014 puta
667 1932 806 2016 Venerit,
835 1932 871 2000 dc

67 2013 212 2079 Mercurii
241 2012 380 2078 accedent
410 2015 445 2079 ad
465 2016 647 2093 sphaericos,
676 2020 766 2092 magis
786 2037 874 2094 quam

66 2096 251 2172 superiores,
279 2114 348 2156 cum
369 2095 414 2157 'uis
435 2095 582 2159 vorticum
603 2091 722 2158 fixarum
741 2093 780 2158 'ad
799 2091 875 2156 infe·

66 2177 159 2238 riores
178 2173 278 2238 delata
299 2173 360 2238 freti
382 2171 630 2240 debeatdebilid‘r'.
653 2173 776 2238 Tertio.
796 2177 877 2237 Cum

52 2253 197 2319 ‘fluidum
218 2255 249 2318 in
270 2251 396 2318 circulos
415 2256 530 2333 agitur,
562 2271 693 2332 tempora
713 2251 876 2318 revolutio·

68 2357 141 2398 rrum
164 2353 254 2411 sunt,
272 2349 308 2398 ut
328 2333 467 2412 quadrata
489 2333 692 2400 distantiarum
713 2358 731 2400 a
751 2351 876 2415 centro,

67 2417 162 2480 sicuti
185 2417 213 2477 in
234 2415 364 2480 circulari
383 2437 467 2494 aquae
489 2433 572 2488 motu
595 2413 653 2481 fuit
674 2415 875 2494 observatum

64 2519 136 2575 ergo
159 2494 234 2558 idem
253 2497 373 2564 eveniet
394 2497 423 2560 in
445 2493 573 2574 planetis
598 2516 615 2559 a
636 2511 759 2574 gyrante
780 2495 877 2561 fluido

65 2574 275 2642 circumcidis:
305 2577 404 2654 sicque
433 2565 574 2640 suminus
587 2597 609 2640 ‚a
631 2570 695 2641 su'ie
724 2579 876 2656 piusquam

68 2657 172 2722 nonies
194 2657 350 2737 remotior,
380 2661 464 2734 quam
487 2655 590 2736 celtus,
614 2663 735 2721 'motum
758 2658 876 2719 habebit

66 2736 248 2817 periodicum
269 2736 417 2815 piusquam
441 2747 478 2800 80
498 2757 659 2816 annorum,
681 2735 757 2813 quod
777 2735 876 2801 ,nullus

66 2825 316 2884 Astronomorum
336 2815 492 2880 concedet:
521 2834 647 2890 cumque
677 2816 706 2877 in
728 2817 878 2878 Cartesia·

64 2921 102 2964 na
129 2900 243 2962 theoria
265 2916 360 2976 partes
381 2897 513 2960 materiae
533 2915 570 2958 eo
589 2895 759 2973 crassiores,
780 2914 815 2960 ac
835 2915 879 2960 se·

68 2982 185 3059 gniores
206 2979 285 3058 sint,
305 2999 363 3054 qno
386 2976 473 3052 magis
495 2975 600 3040 absunt
632 2997 649 3040 a
670 2976 789 3040 vorticis
811 2997 879 3040 ceu-

67 3081 133 3139 tto,
156 3077 247 3123 erunt
266 3061 356 3122 etiam
385 3056 480 3120 multo
510 3055 648 3122 tardiores
675 3071 758 3136 motu
783 3055 882 3136 plane·

64 3160 189 3220 tarum,
209 3161 295 3220 quam
314 3140 412 3216 exigat
435 3138 510 3200 ratio
531 3137 735 3220 quadratorum
770 3137 882 3202 distan-

71 3225 127 3286 tiae
155 3239 173 3282 a
194 3237 297 3284 centro
311 3239 329 3280 .‘
347 3218 400 3281 Sed
421 3219 491 3280 satis
521 3217 613 3282 muita
634 3219 758 3285 diximus
778 3216 814 3284 dt
834 3225 882 3291 sy·

66 3318 223 3379 stemate,
243 3303 273 3364 in
294 3319 352 3376 quo
371 3297 505 3376 pleraque
517 3301 692 3380 ingeniose,¹
706 3312 738 3360 at
759 3294 881 3388 nullaad

62 3384 233 3449 ,ueritatem
264 3397 430 3457 comparata
460 3375 548 3446 fuisse
577 3397 677 3445 omnes
705 3373 881 3457 praerudiciis

64 3466 160 3528 vacui
185 3475 361 3540 agnoscunt.
810 3477 812 3484 ⁴

397 3574 418 3592 '¹
483 3573 513 3682 n
544 3639 559 3696 ς
749 3617 843 3674 mao-
