2146 4084
259 226 297 294 7⁶
540 207 692 278 Elementa
911 285 915 290 .

218 299 295 364 circa
318 290 437 371 Solem,
465 288 749 356 &secundariorum
776 289 851 355 circa
881 290 1027 370 primarios

218 397 287 442 suos
306 372 340 436 fit
361 392 411 449 pet
430 370 544 450 ellipses
566 372 644 433 varie
664 372 871 451 excentricas,
894 369 928 435 &
949 371 1026 436 incli-

218 475 303 522 natas
316 449 352 516 ad
372 451 487 530 planum
505 449 666 526 eclipticae.
686 454 741 528 11,
762 457 849 514 Areae
868 473 884 514 a
904 451 1026 528 planetis

141 601 146 616 Ι
222 533 395 610 descriptae,
415 549 486 597 sunt
510 527 951 606 temporibusproportiouales.
973 533 1028 608 111,

222 615 354 682 Planetae
376 633 477 676 omncs
507 613 537 676 iu
560 609 712 688 periclis,
739 607 772 674 dt
792 611 925 688 perigaeis
953 610 1029 676 cele·

114 767 120 772 p
218 698 278 761 tius
298 710 457 758 moventur
475 741 484 768 ‚
504 701 590 768 quam
613 691 642 752 in
663 689 798 768 aptioris,
818 687 852 754 dt
870 693 1027 769 apogaeis.

218 781 275 854 lv,
296 773 324 836 Si
344 771 510 836 celeritates
530 769 644 842 mediat,
665 767 767 847 quibus
785 769 912 848 planetae
933 771 1028 836 diret·

217 875 265 924 sas
286 852 392 920 orbitas
412 867 607 930 percurrunt,
637 851 762 914 inuicem
791 868 1027 932 comparentur,

218 949 306 1002 erunt
326 933 489 1010 reciproce,
509 949 543 996 ut
565 928 673 994 radices
694 927 897 994 distantiarum
921 929 1026 997 media·

219 1030 285 1082 tem
305 1035 322 1077 a
342 1013 433 1078 sole.
472 1012 500 1076 si
541 1027 671 1086 tempora
691 1009 836 1087 periodica
859 1031 1026 1088 comparen-

219 1115 295 1174 tur,
314 1111 415 1158 eorum
435 1090 574 1170 quadrata
595 1103 708 1166 erunt,
729 1106 763 1154 ut
784 1089 849 1156 cubi
870 1089 1024 1156 distantia·

219 1196 284 1238 rum
302 1172 464 1236 mediarum
484 1197 501 1238 a
522 1183 649 1234 centro.
679 1173 707 1234 V
736 1218 751 1251 s
774 1167 905 1236 Planetae
926 1189 1024 1258 ornnes

220 1251 372 1332 vertiginis
400 1270 484 1314 motu
510 1252 586 1316 circa
613 1269 680 1314 suos
705 1269 773 1315 ates
801 1249 1025 1316 revolvuntur.

220 1333 299 1398 Idem
320 1330 356 1398 de
375 1330 439 1396 fixis
447 1331 619 1412 dicas‚quae
629 1331 657 1392 in
668 1333 865 1409 Copernicana
873 1331 1025 1408 hypothesi

218 1412 331 1478 nullum
351 1413 441 1478 alium
462 1413 569 1478 habent
589 1429 690 1474 verum
709 1459 718 1488 ‚
738 1413 942 1489 propriumque
964 1433 1023 1478 mo·

219 1509 312 1573 tum,
331 1514 399 1558 eum
419 1491 468 1560 alii
490 1495 613 1572 ipsarum
634 1499 732 1554 morus
752 1491 813 1556 sint
842 1509 1022 1556 tantummo·

218 1574 257 1638 do
280 1591 467 1654 appetentes.
486 1575 567 1638 Hinc
590 1571 683 1634 oritur
704 1567 874 1648 perdifficilis
894 1573 1023 1649 quaesrio
1063 1601 1064 1608 ι

218 1655 448 1734 circaphysican
464 1673 595 1721 caussam
611 1669 753 1714 astrorum
770 1651 943 1732 matricem,
961 1670 1023 1730 qua
1062 1666 1063 1670 ’

218 1739 273 1816 ιιος
294 1734 411 1803 offellus
432 1753 532 1800 ornnes
551 1727 708 1810 producere
727 1728 841 1796 valeat.

401 1851 555 1934 opiniones
575 1834 835 1928 Philosophorum,

257 1975 456 2058 211.„Non
490 1967 666 2034 morabimur
694 1971 844 2063 ,veterum
873 1965 1010 2050 figmenta

217 2057 293 2122 circa
312 2069 441 2122 caussam
463 2067 606 2114 astrorum
614 2065 786 2128 motrrcem,
801 2055 990 2128 quarnStoici
1011 2099 1020 2130 ,

215 2141 252 2204 dc
273 2131 448 2200 Aristoteles
477 2129 612 2196 dixerunt
641 2149 704 2196 esse
732 2131 888 2206 ipsummet
920 2138 1021 2198 Deum

217 2212 581 2296 primumrerumomuium
589 2227 741 2276 motorem:
761 2209 855 2290 Plato,
877 2211 1023 2291 Tullius,
1063 2229 1064 2240 ¹

217 2295 318 2372 Philo,
339 2294 478 2370 Origenes
495 2339 507 2370 ,
524 2287 558 2354 dt
578 2289 628 2354 alii
669 2306 790 2354 utarunt
811 2293 875 2356 e'sse
895 2295 1025 2358 animam

213 2371 400 2452 rationalem,
420 2392 476 2449 qua
490 2389 619 2446 unumqu
658 2390 715 2448 que
734 2368 812 2435 sidus
828 2367 1023 2438 insomnetur.
1063 2435 1064 2450 2

180 2530 183 2536 ⁵
217 2455 316 2520 l’lures
331 2473 367 2520 ex
383 2451 489 2528 Sandis
511 2451 658 2528 Patribus,
679 2450 891 2530 aerummis
912 2451 1023 2520 docue·
1063 2497 1064 2530 r

216 2531 761 2610 runtesseAngelos,quiastracircum
774 2530 1023 2614 hasvolvanmbas
1062 2533 1064 2584 l

218 2615 298 2679 enirn
307 2615 455 2692 opiniones
471 2614 608 2690 rejiciunt
623 2609 709 2676 modo
718 2609 880 2689 Philosophi
896 2633 1025 2679 omnes.

258 2719 325 2760 212.
346 2741 367 2772 „
387 2698 429 2757 Ut
449 2689 802 2769 igituradRecerrtiotunr
821 2693 1024 2759 inventatur·

41 2813 44 2820 ·
148 2789 154 2798 ’
218 2793 365 2840 vertamus
386 2793 576 2851 sermonem,
604 2771 708 2852 duplex
736 2772 862 2848 ipsorum
882 2773 1025 2839 celebrior

216 2857 364 2922 sententia
382 2869 428 2919 est
447 2854 522 2918 circa
543 2855 690 2931 physicam
711 2869 856 2916 astrorum
886 2874 1025 2920 caussam

215 2935 392 3000 morricem.
414 2935 509 2999 Prima
529 2951 575 2998 est
595 2932 749 3009 carterii,
771 2933 821 3008 qui
842 2931 937 2998 sidera
961 2957 1025 3000 otu·

216 3017 263 3079 nia
283 3036 302 3078 a
321 3015 452 3080 materiae
475 3015 632 3082 vorticibus
652 3009 830 3078 circasolem
850 3018 1027 3092 gyrantibus

214 3094 390 3161 circumduci
410 3097 526 3172 putavit
542 3115 550 3154 :
569 3111 656 3172 quam
677 3093 823 3158 vorticum
841 3092 1021 3160 *dominans

213 3177 300 3240 variis
321 3173 541 3241 correlliourbus
570 3177 762 3238 immutarunt
787 3187 887 3252 postea
909 3179 1023 3242 Carre-

212 3259 286 3322 tiani
305 3256 418 3337 plures.
441 3255 574 3320 Alteram
594 3253 944 3334 morinummontem,
969 3255 1024 3333 qui

212 3359 267 3415 ope
288 3334 457 3402 universalia
477 3331 659 3412 attraliionit
677 3354 777 3400 omnes
805 3334 935 3402 siderum
959 3357 1026 3400 mo·

213 3435 263 3480 tus
282 3416 422 3495 explicare
442 3415 589 3482 tentavit.
608 3411 663 3482 sed
679 3415 777 3483 crubor
786 3415 941 3497 opiniones
960 3416 1026 3483 cla«

213 3499 271 3564 rius
289 3513 481 3576 exponamus.
698 3550 702 3570 ,
894 3525 898 3534 ·
974 3557 978 3564 ,
1020 3571 1025 3578 ,

270 3611 277 3626 ‘
297 3628 301 3638 ¹
886 3599 984 3658 ssiu
