2146 4084
292 186 423 272 Physica
446 192 660 260 Panirularlr.
802 225 838 277 92

1 321 12 364 n
61 267 164 334 latio:
184 286 249 364 turn
269 274 335 346 quia
357 276 393 336 ob
413 278 550 354 majorem
584 275 664 340 nobis
686 281 878 356 'apparentem

50 349 193 428 ipsorum
214 349 410 436 dnnretrurn,
440 355 542 432 nequit
571 375 670 420 eorum
691 355 777 423 luxa
806 362 879 425 voli·

1 485 11 526 3
50 432 197 495 rantibus
217 431 394 508 corpusculis
423 435 573 514 intercipi:
605 452 668 500 turn
687 439 754 514 quia
775 443 877 504 retnis·

0 585 11 605 Ι
47 532 132 604 sus,
152 509 308 654 debilisssue
324 511 504 590 planetarum
524 513 658 592 splendor
675 519 798 582 retinam
816 519 875 596 pla·
975 565 979 582 r

8 617 10 620 ·
49 589 240 654 cidrssrmea
273 591 336 655 cit.
357 597 524 670 Gaetetum,
549 596 573 658 si
591 596 718 674 planetae
738 599 873 665 observa·

0 676 7 760 ,ζ
45 687 167 736 rentur
184 672 359 748 interposito
379 672 467 738 denso
485 671 585 755 fumo,
600 675 786 754 proculdubio
795 681 871 744 scin-

7 759 10 767 '
44 749 157 818 tillare
181 751 364 833 viderentur.
387 759 450 817 lmo
468 759 589 834 Vnius,
620 757 869 838 Mercuriusque,

0 827 10 923 J
38 829 206 926 cumfiuli
237 832 389 898 viciniores
417 833 543 900 viridius*
567 835 712 914 recipiunt
735 835 832 902 lumen
855 888 870 926 ,

0 987 2 1003 Ι
37 911 252 978 scintillantes
271 931 429 990 apparent·
859 959 862 966 ·

86 1015 168 1068 240.
199 989 246 1056 nd
276 993 480 1058 inveniendam
511 991 633 1060 lixarum
653 1015 670 1059 a
692 993 800 1061 tellure
828 993 871 1058 di·

33 1073 198 1138 stantiam
218 1071 322 1150 duplex
343 1093 388 1140 est
410 1073 582 1162 methodus.
603 1079 697 1140 Unam
718 1077 868 1154 proposuit

32 1153 230 1231 tangemus,
252 1155 300 1228 qui
321 1172 407 1220 tanto
427 1157 566 1233 majorem
579 1157 738 1220 aestimavit
756 1155 869 1220 distan-

31 1236 125 1304 tiam
147 1233 235 1296 unius
255 1231 321 1298 firrae
347 1257 364 1298 a
386 1233 496 1300 tellure
527 1257 585 1312 prae
604 1233 747 1300 distantia
769 1235 870 1314 Solis,

27 1329 168 1394 quante
188 1315 251 1392 ejus
280 1335 417 1392 apparens
445 1314 587 1380 diameter
605 1333 652 1381 est
683 1316 777 1378 minor·
805 1315 864 1378 din·

1 1393 147 1460 'metro
167 1393 260 1470 Solis,
281 1395 458 1471 apparenti.
484 1396 564 1458 Hinc
584 1397 647 1459 sirii
677 1394 796 1458 daturus
824 1395 868 1457 di·

1 1490 3 1497 '
28 1473 198 1540 stantiam
216 1477 341 1550 sumpsit
364 1493 490 1538 vacuum
504 1475 607 1536 tubum
632 1497 666 1538 rr
689 1475 804 1564 circiter
819 1495 866 1550 pe—

24 1555 87 1620 des
117 1551 266 1628 longum,
287 1553 316 1612 in
334 1553 421 1630 culus
452 1551 609 1616 medietate
638 1553 773 1626 exiguum
799 1563 868 1617 ‘erat
960 1551 979 1563 '

1 1702 7 1710 ff
23 1633 193 1699 foramen
215 1628 302 1692 lineae
329 1649 440 1708 partem
466 1645 500 1694 ¹2
522 1653 579 1694 non
600 1630 759 1695 excedens:
782 1623 866 1694 alteri

1 1707 355 1794 ³2perturaeadm0t0
383 1711 493 1788 oculo,
522 1709 594 1775 Solis
621 1707 790 1788 particulam
818 1711 867 1775 ob-

1 1794 5 1816 *
21 1788 204 1866 servavit,
226 1810 292 1865 quae
312 1788 348 1854 ad
369 1808 462 1854 totam
482 1809 668 1868 apparentem
689 1787 865 1856 diametrum

26 1896 64 1938 se
94 1867 276 1932 nabebatur
302 1889 332 1932 r:
350 1881 557 1948 marcumque
578 1893 611 1935 ea
631 1869 772 1948 particula
782 1889 861 1936 essct

18 1953 114 2019 sirio
140 1947 333 2028 splendidior,
358 1947 493 2016 foramini
514 1952 634 2028 globum
657 1953 788 2015 vitreum
809 1973 863 2030 op·
959 1983 968 2002 x

23 2028 171 2112 posuit,
190 2029 319 2108 ejusdem
339 2027 431 2095 ferme
451 2053 519 2095 cum
543 2031 682 2095 foramine
714 2034 864 2107 magnitu-

21 2110 136 2176 dinis:
165 2125 230 2172 turn
251 2129 396 2187 aperturae
407 2111 553 2188 applicato
572 2109 675 2186 oculo,
695 2110 770 2171 vidit
791 2109 865 2173 Solis

19 2187 220 2272 particulam
240 2190 369 2268 ejusdem
412 2189 587 2270 splendoris,
609 2213 643 2254 ac
685 2189 861 2266 magnitudi-

20 2275 106 2345 οἱς,
132 2287 192 2344 qua
211 2271 294 2334 nodlu
319 2271 449 2336 cernitur
470 2271 573 2335 sirius.
598 2275 685 2354 Porro
704 2269 780 2330 inito
801 2268 858 2332 cul·

18 2351 109 2419 culo
143 2346 332 2424 deprehendit
368 2349 442 2414 sotis
483 2352 653 2429 particulam
692 2345 770 2411 illam
801 2367 864 2414 esse

15 2425 351 2514 3-7--2rwdianretri
366 2429 481 2522 ¹solaris
503 2433 682 2510 apparentis3
714 2426 789 2500 unde
816 2429 865 2496 Sol

17 2515 212 2596 appartebit
233 2512 324 2576 instar
345 2512 408 2576 Srrii
424 2559 433 2590 ‚
449 2513 471 2576 si
494 2515 557 2592 ejus
578 2513 722 2576 diameter
732 2529 864 2588 eousque

15 2595 257 2672 contrahatur,
277 2610 311 2656 ut
335 2605 449 2656 tautum
472 2615 534 2670 pars
555 2594 642 2672 ipsius
663 2586 862 2671 ·.-,·÷··,·pvi-

15 2679 173 2753 dentur·
200 2675 243 2738 At
261 2671 303 2735 id
333 2673 524 2749 contingeret
545 2695 580 2737 ex
608 2677 725 2752 opriea,
755 2683 779 2736 si
799 2675 862 2750 ejus

18 2752 193 2825 distantia
214 2767 318 2816 atcrra
338 2749 415 2816 foret
437 2753 472 2816 acl
494 2773 666 2830 praesentern
687 2773 721 2817 ut
744 2765 860 2828 27064:

21 2867 64 2904 1.
91 2834 194 2912 igitur
215 2832 296 2912 sirii,
323 2833 371 2910 qui
393 2827 514 2896 fortasse
525 2855 582 2894 non
597 2834 696 2894 'minor
712 2849 758 2894 est
779 2830 861 2908 Sole,

16 2913 194 2984 distantia
213 2933 230 2976 a
250 2925 330 2978 'tetra
350 2930 518 2989 comparata
539 2913 573 2974 nd
599 2911 768 2976 distantiam
790 2909 862 2975 Solis

21 3021 59 3066 se
86 2994 217 3066 habet«,
236 3010 270 3056 ut
294 3007 406 3070 27664:
432 3019 457 3057 ι.
477 2999 596 3079 Quare,
618 2991 641 3055 si
666 2989 790 3056 mediam
811 3001 862 3058 So·

21 3079 62 3144 lis
89 3099 112 3141 a
139 3093 220 3142 terra
252 3071 422 3139 distantiam
452 3071 554 3136 dixeris
575 3091 642 3136 cunr
663 3072 766 3137 eodem
795 3075 863 3138 Hu·

21 3158 129 3238 genio
154 3151 437 3222 semidiametrorum
461 3156 641 3222 terrestrium
667 3177 782 3232 34377,
803 3154 864 3218 erit'
912 3161 914 3169 '

16 3235 189 3307 distantia
227 3233 294 3297 sirii
317 3281 327 3310 ,
354 3255 392 3302 ae
425 3233 563 3304 finarum.
581 3237 869 3298 semidiametrorum.

22 3316 243 3398 951005323.
252 3314 280 3393 Si
303 3333 447 3401 verocunr
467 3317 592 3380 Cassino
610 3314 682 3380 Solis
691 3314 861 3376 distantiam

20 3392 533 3466 aestimaretissernidiametrorunr
545 3415 662 3472 22000‚
683 3395 739 3456 erit
751 3391 862 3455 disten·
902 3464 904 3470 Ι

17 3486 70 3548 ria
92 3474 234 3559 proxima
243 3473 364 3546 fixarum
374 3474 862 3550 semidiametrorurnenteotooop
910 3475 913 3479 '
945 3491 951 3520 ·-

182 3594 187 3607 ⁰
755 3575 822 3624 241.
