2146 4084
86 233 116 248 ,,
276 169 406 254 Physica
426 171 639 243 Particularts.
764 197 818 248 rap

65 247 233 328 planetarum
251 253 443 318 substantiam
465 277 521 318 non
542 273 604 317 esse
623 256 666 317 ita
686 253 852 330 humidam,

65 330 107 393 vel
126 329 374 410 inflammabilern,
403 335 490 397 sicuti
509 349 555 412 est
578 333 698 397 materia
724 353 853 399 cometa-

62 430 139 472 rum.
156 410 281 478 Tandem
301 435 338 490 err
357 414 480 478 cometis
500 413 595 491 plures
616 413 705 490 magis
725 413 783 477 Soli
805 435 854 492 ap

66 491 266 573 proximantur,
288 515 374 570 quam
395 497 569 572 mercurius,
591 494 639 572 qui
660 511 771 576 semper
790 493 853 572 plu-

63 567 130 631 ribus
147 569 290 636 leucarum
310 573 482 639 millionibus
502 597 519 639 a
540 573 605 641 Sole
624 572 731 637 distat.

96 664 158 718 «too.
177 656 249 728 opp.
272 675 298 728 3.
321 651 406 717 Adeo
434 657 567 719 immanis
598 670 644 716 est
673 655 853 718 cometarium
898 711 900 714 .

57 727 161 810 cauda,
178 748 212 794 ut
231 731 385 810 aliquando
407 733 443 798 ad
466 749 522 812 60,
547 756 604 812 70,
623 733 714 797 etiam
737 743 774 796 80
793 755 856 810 gra·

60 803 110 869 dus
126 811 313 884 protendatur
334 831 388 878 sue
408 814 611 892 longitudine,
639 831 674 876 ut
703 816 788 878 testis
808 829 855 878 est

57 887 222 955 Ricciolus:
254 888 424 958 incredibile
442 911 541 958 autern
562 910 608 956 est
629 916 646 956 a
675 891 856 957 demetarum

57 985 169 1044 corpore
199 983 314 1038 tantam
341 977 420 1039 exire
441 975 618 1052 materiam,
649 974 717 1049 quin
738 991 857 1037 cometa

22 1083 23 1088 κ
55 1063 253 1133 consumetur,
274 1075 309 1118 ac
329 1055 471 1122 intereat.
504 1051 619 1118 Deinde
648 1071 733 1118 tanta
752 1052 859 1118 cauda·
912 1124 916 1131 ,

56 1143 117 1190 tum
147 1129 296 1209 longitudo
315 1135 476 1212 aliquando
498 1136 557 1199 visa
578 1153 625 1200 est
650 1135 759 1212 etiam,
787 1155 856 1198 cum

58 1203 102 1270 lux
122 1229 301 1279 cometarum
323 1215 423 1279 debilis
453 1215 561 1294 foret,
591 1214 720 1292 adeoque
739 1231 855 1278 cometa

58 1283 217 1363 longissime
248 1294 351 1360 aSole
380 1297 527 1374 distaret,
556 1315 590 1361 ac
610 1297 729 1362 minimo
760 1296 856 1361 calore

54 1367 235 1442 probabiliter
255 1372 434 1441 afficeretur.

92 1469 162 1526 ⁴07.
184 1453 224 1514 R.
243 1455 468 1518 Demonstravit
489 1457 654 1518 Nesvtonus
682 1453 750 1532 (ib.
771 1472 861 1532 prop.

21 1509 125 1598 *sil
152 1527 267 1603 globum
290 1534 382 1596 nostri
402 1533 475 1597 aeris
496 1533 609 1596 unicam
630 1535 744 1598 unciam
763 1533 858 1613 latum

52 1618 150 1667 totam
172 1613 282 1673 saturni
305 1614 445 1690 spllaetam
464 1612 583 1690 implere
591 1635 691 1692 posse,
712 1613 735 1677 si
755 1623 861 1688 expan-

50 1679 171 1778 deretur
191 1687 309 1756 adeam
332 1692 502 1771 raritatem,
529 1713 614 1768 quam
634 1693 770 1757 habet-in
791 1691 861 1756 alti·

54 1761 157 1828 tudine
179 1767 265 1832 unius
286 1773 434 1834 terrestris
453 1773 662 1836 semidiametri
682 1771 859 1842 anobisela·

21 1875 22 1878 ¹
54 1859 100 1906 ta.
130 1851 255 1931 Quare,
285 1851 308 1912 si
330 1848 459 1914 dicamus
491 1873 607 1929 vapores
638 1854 858 1930 compingentes

55 1941 233 1994 cometarum
260 1931 367 1995 caudas
395 1953 457 1994 usse
486 1930 522 1994 ad
551 1933 641 1994 instar
663 1934 754 1997 nostri
782 1933 857 1996 aeris

52 2001 201 2084 elnsticos',
231 2005 357 2082 profedlo
380 2033 438 2072 non
458 2010 550 2074 multa
569 2013 713 2075 cometica
737 2013 859 2074 materia

21 2153 22 2156 Ἴ
54 2101 120 2158 opus
140 2089 199 2150 erit
222 2089 259 2152 ad
276 2087 456 2160 ,conflandos
478 2107 658 2152 cometarum
681 2089 860 2166 longissimas

51 2162 170 2242 caudas,
200 2189 267 2243 quae
289 2171 438 2235 rarissim‘ae
461 2186 529 2233 sun-t
552 2201 560 2244 ·,
590 2187 656 2243 cum
679 2189 728 2243 per
748 2169 807 2246 ipsa
829 2165 860 2228 li·

53 2261 99 2305 xae
117 2245 228 2330 absque
250 2247 309 2310 ulio
330 2251 373 2312 sui
396 2249 553 2326 splendoris
567 2246 744 2323 detrimento
766 2265 860 2312 trans·

50 2317 185 2388 luceant.
208 2328 322 2394 Deinde
344 2328 411 2406 quid
425 2328 550 2392 tandem
572 2329 741 2406 continget,
763 2328 788 2391 si
810 2347 859 2389 co·

52 2421 138 2467 metae
165 2407 199 2468 in
228 2407 355 2484 singulis
377 2407 603 2472 revolutionibus
624 2409 719 2484 plures
743 2407 860 2472 cubicus

21 2559 22 2564 η
50 2501 109 2547 suae
128 2487 268 2552 materiae
285 2487 371 2563 pedes
392 2491 532 2552 amittant
561 2509 597 2552 ex
610 2517 612 2522 ·
625 2489 734 2566 ingenti
756 2507 862 2562 evapo-

51 2563 191 2629 ratione?
225 2589 319 2631 nonne
341 2573 405 2634 baec
427 2572 546 2632 materia
568 2571 596 2631 in
617 2587 746 2633 cometus
767 2566 862 2644 gravi-

51 2657 132 2724 tans,
154 2667 225 2709 cum
247 2643 375 2725 frigescit
398 2651 429 2712 in
445 2651 523 2724 ‚ipsos
544 2649 682 2713 recidet?
712 2669 808 2710 nonne
830 2645 860 2706 in

53 2739 135 2788 tanta
164 2725 395 2792 distantia-erit
426 2728 506 2791 nobis
535 2728 706 2792 insensibilis
735 2725 861 2805 plurium

50 2803 138 2869 etiam
158 2807 328 2885 cubicorum
350 2827 452 2872 massae
473 2805 723 2886 pedum-jaubia?
853 2851 861 2869 a

90 2897 158 2958 408.
190 2887 240 2951 Ad
268 2887 410 2952 alterurn.
439 2887 657 2950 Animadvertit
687 2886 861 2966 Mairanus,

51 2965 182 3034 absolute
217 2967 361 3044 loquendo
379 2983 562 3033 cometarum
581 2965 686 3033 caudas
719 2964 862 3043 longiores

51 3063 131 3128 esse,
153 3069 224 3120 cum
244 3049 372 3126 perihelii
394 3051 481 3130 sunt,
501 3047 772 3126 brevioresautem,
792 3068 862 3111 cum

49 3123 77 3186 in
99 3128 221 3208 aphelio
239 3147 410 3208 versantur,
431 3151 488 3206 quo
510 3146 643 3207 tempore
661 3133 714 3196 visi
732 3129 864 3222 aliquam

52 3205 180 3274 dosunt
206 3227 332 3274 cometae
354 3211 417 3277 sine
438 3209 498 3274 ullo
518 3209 619 3276 caudae
641 3211 785 3285 vestigio,
815 3223 862 3270 utr

44 3300 144 3354 testes
166 3306 237 3354 sunt
262 3293 381 3370 Tycho,
403 3290 556 3370 Kirchius,
576 3287 787 3358 &maraldus
809 3289 863 3349 Fu·
960 3355 964 3363 ,

51 3381 115 3432 teor
135 3368 295 3435 caudarum
322 3369 533 3448 longitudinem
555 3392 611 3434 non
642 3389 755 3448 semper
781 3369 863 3444 sequi

52 3445 200 3516 inversam
221 3462 363 3517 rationem
383 3451 568 3598 distanctiiaea
592 3449 674 3533 Sole,
700 3455 737 3515 'et
759 3445 787 3512 id
806 3455 863 3542 ori.

314 3567 315 3570 =
540 3554 559 3607 ς
799 3551 825 3594 tr
