2176 4086
273 253 408 334 Physica
428 255 640 320 particularis.
775 268 830 336 alle

65 334 118 400 rai.
146 341 223 400 Cum
243 336 289 400 eni
343 340 435 414 ignea
455 335 608 416 particula
632 355 655 408 ,a
676 334 871 420 candescente

63 417 141 491 virga
163 413 249 493 prode
295 435 339 482 tes
358 418 596 495 circumpositum
616 413 692 482 lanci
712 438 871 486 attemer-

61 494 208 575 pandant,
231 517 265 560 ac
286 495 461 570 rarelrciant
482 501 493 576 (
512 519 539 562 n.
561 509 617 575 487
639 495 669 576 l,
698 499 766 565 hinc
787 515 870 564 totus

60 575 204 652 cylindrus
224 597 261 642 ex
283 578 392 658 virga,
419 575 452 642 dc
472 579 728 660 imminenteaere
743 577 868 666 ,confla-

60 672 109 724 tus
129 657 245 739 minus,
272 678 359 734 quam
380 677 466 724 antea
487 658 645 736 ponderans
670 658 798 736 respedlu
818 678 869 722 ae·

56 737 95 800 ris
119 733 357 816 lanci'suppositi
371 787 380 816 ,
396 737 575 816 elevabitur,
597 761 631 804 ac
651 755 798 818 propterea
821 737 869 800 ab·

57 815 121 880 lato
143 819 307 894 aequilibrio
335 817 492 884 descendet
519 817 612 882 altera
643 819 708 884 lanx
729 839 795 882 cum
818 815 869 881 fri·

54 897 119 976 gida
141 900 219 974 virga
237 953 244 968 ,
265 904 362 984 Quam
384 901 494 962 intem
517 896 677 964 notandum
697 915 745 962 est
765 918 865 962 ascen-

54 977 125 1040 dere
145 977 268 1043 calidam
289 975 488 1058 nummuli
511 981 551 1043 sit
571 991 672 1055 parum
692 979 801 1056 ignita,
831 977 867 1041 ob

55 1056 209 1122 addudlana
231 1060 390 1124 rationem:
411 1055 472 1124 dari
493 1059 704 1137 aequilibrium,
734 1058 782 1122 ubi
804 1053 869 1121 lue·

54 1140 92 1202 tic
117 1137 304 1204 mediocriter
324 1142 436 1219 ignita,
463 1140 531 1218 quia
552 1142 707 1217 superioris
727 1138 802 1204 acris
822 1157 868 1200 ra·

53 1215 177 1282 reladlio
195 1221 232 1284 ab
252 1222 322 1298 ignis
344 1222 372 1284 in
395 1223 474 1298 virga
494 1221 613 1284 intrusis
635 1215 866 1297 ponderantibus

52 1300 204 1378 particulis
213 1318 435 1378 compensatur,·
456 1297 572 1364 tandem
593 1299 867 1375 cadentem'uirgam

52 1378 248 1462 descendere,
268 1383 293 1442 si
314 1379 442 1444 multum
462 1381 552 1456 ignita
574 1375 685 1460 fuerit,
706 1383 773 1458 quia
797 1393 866 1454 pon·

50 1459 106 1522 dus
131 1461 237 1524 intrusi
258 1459 332 1537 iguis
358 1457 575 1545 rarcladliou'em
602 1462 753 1538 superioris
792 1457 866 1523 aeris

51 1538 192 1610 excedit.
630 1577 634 1582 ·

96 1644 168 1695 517·
189 1619 269 1681 Hinc
289 1615 452 1697 intelliges,
473 1639 526 1682 cur
554 1615 639 1697 larii,
681 1619 765 1698 cujus
786 1633 869 1684 suue-

49 1700 123 1765 riori
156 1699 238 1776 parti
255 1695 443 1766 admoveatur
463 1699 572 1778 ignitus
592 1697 696 1777 carbo,
716 1693 866 1774 ascendat,

48 1779 86 1844 fit
112 1779 193 1842 enim
215 1779 303 1842 rarior
331 1801 380 1843 aet
406 1775 519 1847 lancem
540 1801 662 1856 superne
682 1779 865 1856 deprimens,

47 1880 87 1926 ex
112 1853 237 1922 adverso
256 1855 439 1938 descendat,
468 1860 535 1924 cu'm
559 1861 667 1938 ignitus
688 1857 774 1924 carbo
802 1857 867 1935 ejus

48 1935 191 2008 inferiori
214 1941 288 2016 parti
308 1939 542 2019 approximatur,
572 1959 644 2005 tuac
663 1943 740 2004 eninr
762 1955 867 2016 expan-

47 2019 134 2116 ditur
159 2040 208 2083 aer
227 2015 382 2099 infernus,
414 2022 464 2100 qui
496 2043 512 2084 a
543 2021 680 2099 superiori
715 2035 867 2096 premente

49 2119 211 2167 vincatur.
244 2163 256 2176 ‚a
358 2177 360 2183 Ι

92 2191 165 2257 518.
187 2185 260 2258 Opp.
288 2201 299 2249 t
332 2179 535 2256 Peripatetici.
557 2181 685 2246 Flamma
697 2191 866 2256 perpetuum

47 2262 142 2326 habet
174 2255 346 2324 ascendendi
375 2261 492 2323 nisum:
528 2262 578 2326 sed
608 2259 656 2324 hic
685 2259 765 2322 nisus
797 2253 868 2318 effe·

50 2340 116 2406 dlus
138 2343 254 2404 innatae
273 2343 336 2418 ejus
358 2335 515 2421 levitatis,
544 2365 614 2420 ergo
641 2337 700 2404 dcc.
721 2339 802 2404 Hinc
822 2335 867 2397 ni·

46 2443 98 2484 sus
119 2417 159 2484 ad
181 2441 332 2484 ascetrsum
361 2419 390 2484 in
414 2419 534 2486 flamma
551 2426 644 2502 major
663 2438 708 2486 est
733 2439 783 2495 pro
805 2435 865 2479 ma·
914 2479 919 2486 ,

46 2503 103 2582 l0ri
127 2498 204 2578 ignis
224 2502 325 2580 touls,
345 2499 411 2582 qui,
434 2522 469 2567 ut
489 2501 647 2581 ascendat,
667 2503 799 2577 ingentes
814 2517 862 2559 su·

46 2596 243 2660 pererrantes
265 2581 354 2644 moles
376 2581 566 2648 aedificiorum
583 2579 755 2662 quandoque
774 2575 866 2641 eradi·

46 2680 101 2726 cat
120 2682 132 2741 ;
164 2681 232 2738 ergo
262 2661 335 2757 ignis
354 2683 466 2728 sursum
488 2665 584 2730 tendit
613 2661 650 2727 ad
671 2682 752 2727 suam
772 2661 865 2734 sphae-
931 2683 941 2704 κ

45 2764 137 2820 ram,
160 2762 225 2824 quae
245 2763 306 2807 aera
326 2743 539 2830 superior‘est,
558 2745 603 2808 uti
625 2759 732 2822 putant
753 2739 867 2812 Peripa-

50 2821 339 2898 remelium).
615 2893 618 2902 .
757 2896 765 2912 .
809 2835 811 2844 ⁴

95 2924 171 2980 519.
190 2905 339 2967 Ascensus
361 2903 489 2968 flammae
509 2923 556 2968 est
577 2926 593 2968 a
616 2899 719 2980 majori
737 2915 863 2968 orreum·

45 2981 107 3048 flui
130 2979 167 3046 dc
188 2985 345 3060 prementis
365 2985 439 3050 aeris
462 2987 628 3064 grauitate,
650 2981 695 3045 uti
717 2976 869 3060 postulant

45 3061 266 3142 hydrostaticae
294 3061 402 3146 leges(
434 3063 521 3146 Phys.
541 3071 612 3129 Gan.
641 3082 718 3128 num.
733 3072 802 3137 'dor
826 3057 865 3136 ):

45 3145 125 3208 hinc
148 3143 179 3204 in
200 3165 292 3208 vacuo
309 3149 468 3226 recipiente
490 3145 656 3212 brevissimo
677 3159 869 3235 composcer-

46 3223 369 3304 tinguitur'flamma,
396 3249 431 3293 ac
453 3226 551 3292 fumus
572 3225 741 3303 descendit3
769 3218 868 3288 simrlr·

47 3323 101 3369 tet
128 3323 179 3380 Per
198 3306 344 3369 caminum
366 3309 412 3374 vix
432 3309 562 3374 aseendit
585 3307 724 3382 flamma,
747 3305 794 3369 uui
815 3319 867 3363 cu·

46 3381 188 3450 biculum
208 3384 420 3468 clausumasit‚
443 3387 474 3453 dt
494 3387 633 3468 quaelibet
653 3385 726 3450 aeris
747 3379 890 3462 agitatio*

45 3459 254 3544 impediatur3
275 3485 375 3544 aperto
395 3487 495 3533 autem
515 3470 594 3534 ostio
614 3485 726 3530 sursum
751 3465 870 3539 flamma

43 3542 179 3626 pellitur
199 3547 371 3628 concitato,
390 3545 424 3616 dt
445 3545 544 3630 rapido
563 3563 665 3614 motu.
725 3635 731 3648 ⁸

764 3645 835 3698 sao·
876 3646 878 3652 ¹
