2146 4084
201 225 213 247 ν
273 192 407 272 'Physica
422 193 640 275 ,Particularia
765 198 854 258 ro'r.

103 301 168 354 251.
190 275 240 339 Ad
259 277 402 340 alterum.
432 279 550 340 Doccnt
570 269 787 338 observationes
807 273 864 338 clr-

53 358 236 422 .rissimorum
253 362 511 434 Astronomorum,
541 357 570 418 in
590 373 774 432 quacumque
790 355 863 420 disci

62 438 158 500 solaris
177 438 291 514 regione
311 449 446 514 apparere¹
461 436 586 500 maculas
605 437 617 513 (
636 431 747 513 Wolpb.
766 435 863 500 Elem.

65 524 142 580 Asta.
155 533 229 596 pm,
248 537 319 595 nr,
340 537 367 580 n.
388 541 443 588 arr
458 517 484 593 ).
506 521 656 580 Caeterum
677 515 753 578 ratio
771 516 862 581 etiarn

64 595 286 675 afferri'potest,
314 619 367 661 cur
386 598 609 675 interltropicos
628 595 795 674 plerumque
814 617 863 674 ap·

61 693 197 754 pareant:
213 697 316 756 nempe
324 677 430 754 aliquae
440 677 510 742 Solis
527 696 623 754 partes
644 679 862 756 heterogeneae,

60 757 236 835 obscuriori,
254 755 288 820 dt
307 759 439 822 crassiori
458 759 580 822 materia
590 757 679 832 magis
697 755 862 834 abundant,

8 885 10 888 .
62 837 136 902 unde
154 838 183 900 in
206 839 284 902 hisce
303 837 374 916 locis
394 838 518 902 maculae
536 837 725 916 copiosiores,
749 834 783 900 dt
803 857 863 898 ma·

60 919 132 996 iores
153 935 352 994 procreantur:
371 920 476 997 sicuti,
499 919 593 995 inquit
616 913 785 980 Adnotttor
802 919 864 979 Ga·
911 941 912 953 ι

59 997 126 1060 liiaei
147 1002 256 1076 (Turn.
277 1025 294 1062 ι
313 999 325 1074 )
346 999 375 1062 in
399 999 505 1063 teliore
525 1014 624 1062 nostra
646 1014 715 1062 sunt
736 997 884 1074 regiones·
971 1020 974 1028 ·

58 1077 161 1154 aliquae
180 1079 333 1154 sulphurea
355 1072 515 1144 substantia
536 1076 784 1158 abundantiores,
812 1095 867 1138 un·

58 1156 95 1220 de
117 1154 207 1236 fumi,
226 1179 260 1222 ac
281 1161 392 1224 cineres
410 1165 514 1237 saepius
529 1157 713 1238 eruuancur,
733 1157 811 1236 quod
833 1157 863 1220 in

63 1242 197 1318 Vesevo,
219 1260 253 1304 ac
274 1243 371 1304 Ethna
394 1243 555 1320 contingit.

101 1333 169 1396 265.
188 1321 248 1404 Qui
270 1320 389 1384 tandem
408 1339 530 1385 censent
558 1319 741 1398 irregularem
762 1331 862 1383 matu·-

52 1395 148 1461 larum
168 1397 307 1478 liguram,
327 1421 362 1462 ac
384 1399 609 1476 magnitudinem
624 1421 661 1464 ex
682 1401 864 1477 planetarum

53 1475 114 1543 soli
135 1480 332 1559 oppositorum
353 1479 477 1555 unione,
498 1495 550 1540 aut
559 1481 736 1553 separatione
750 1483 865 1544 contin·

49 1575 141 1634 gere,
167 1554 351 1635 proculdubio
370 1573 504 1619 errmotu
521 1555 683 1636 periodico,
704 1559 866 1636 quopiam

25 1653 103 1700 ”tm
121 1655 223 1697 omnes
241 1633 386 1712 gaudent,
405 1633 567 1712 irregularia
585 1639 771 1712 phaenomena
791 1634 868 1702 dni-

48 1729 148 1791 vaut,
171 1713 246 1792 quod
266 1713 435 1780 absurdum.
455 1714 539 1780 Adde
561 1713 868 1785 futuruminhecsen·

8 1799 9 1804 ’
51 1795 171 1869 tentia,
194 1810 229 1858 ut
252 1797 314 1858 baec
334 1797 404 1858 unio
424 1795 589 1872 perplures
610 1796 670 1860 dies
692 1797 793 1864 durare
814 1819 866 1863 nes

51 1892 161 1952 queat:
183 1893 217 1938 ut
239 1875 291 1952 ipsi
312 1875 454 1954 planctae,
476 1877 525 1951 qui
550 1878 673 1953 separati
694 1897 763 1942 sunt
783 1878 866 1943 nobis
895 1903 900 1920 ·

52 1955 252 2034 inconspicui,
272 1953 396 2021 debeant
415 1953 524 2020 milleni
542 1959 618 2021 uniri
638 1957 865 2038 adpraegrandes

50 2033 179 2099 maculas
199 2035 384 2105 exhibendas:
398 2033 548 2116 tandem,
570 2056 607 2101 ur
625 2040 803 2104 haemaculae
814 2063 863 2118 pa·

51 2115 196 2199 raliaxim
205 2116 356 2192 patiantur
372 2117 553 2195 sensibilem,
573 2137 659 2192 quam
669 2135 792 2184 camene
803 2141 869 2182 mur-e

51 2195 129 2260 eulis
146 2215 259 2273 prorsus
276 2196 374 2261 abesse
395 2197 481 2262 testis
500 2212 547 2276 ιιι
566 2196 871 2276 citatusWolphius.¹

8 2315 11 2320 ¹
57 2395 61 2402 -
92 2358 334 2422 ruorosruro
353 2361 407 2420 nr.
427 2355 553 2422 nacula
564 2319 687 2423 ‘soteres
705 2377 725 2422 a
743 2359 825 2426 sores

189 2435 423 2512 exhalationibus
441 2439 584 2524 originem
607 2436 736 2518 habene„
866 2451 869 2460 ⁴

93 2609 166 2662 266.
186 2595 352 2662 Probatur.
364 2597 532 2666 'GumSolis
549 2599 758 2671 substantiasit
779 2604 872 2682 ignea’

51 2675 153 2752 (nunu
175 2701 233 2760 2⁴4.
249 2678 278 2757 i,
299 2681 419 2746 neeesse
437 2699 486 2747 est
505 2681 864 2760 particulis'conrponatur

12 2831 16 2836 Ι
46 2757 279 2837 ρειιιὶεἰειὶιιιο·,
306 2761 505 2841 perturbato,
529 2759 575 2826 δι.
592 2763 747 2840 expansiro
773 2779 874 2826 motu-

9 2859 10 2862 ¹
48 2839 162 2916 jugiter
181 2839 316 2916 agitatis.
336 2843 381 2904 Ex
405 2846 459 2908 hoc
479 2860 579 2907 autem
597 2844 738 2906 continuo
759 2859 862 2920 motu,

50 2939 88 2982 ac
110 2921 273 2995 agitatione
292 2919 354 2984 fieri
375 2923 536 2987 necessario
557 2918 643 2986 debet
665 2971 675 3000 ,
703 2937 737 2985 ut
759 2924 861 2988 obscu-

48 2999 145 3062 riores
166 2997 315 3076 particulae
335 3001 408 3066 Solis
429 3003 562 3068 materiae
581 3003 890 3079 ostantentur-⁶

48 3080 119 3142 simi
149 3077 223 3143 furni
252 3081 344 3145 instar
363 3077 440 3150 foras
470 3099 654 3164 erumpant,
682 3095 716 3148 a‘c
736 3085 862 3152 invicem

8 3203 10 3236 ;
47 3160 150 3225 ueluti
173 3157 305 3238 implerer
321 3165 554 3238 opaeamnubern
573 3165 775 3248 constituant,
795 3183 863 3243 queo

52 3239 104 3308 rel
128 3239 290 3318 superficiei
311 3241 381 3305 Solis
410 3243 514 3310 leuiter
533 3245 655 3325 offusa,
683 3247 729 3311 vel
760 3265 879 3325 parum-

8 3329 12 3340 '
49 3319 175 3385 eiurata
195 3319 389 3386 iumcnnobis
409 3327 590 3405 intercipiat:
611 3327 697 3390 sicuti
718 3329 862 3392 innostro

8 3427 10 3452 ι
48 3401 122 3478 igne
144 3402 314 3492 contingit„
342 3425 359 3471 e
379 3421 441 3482 qno'
454 3406 619 3472 subtiliores
635 3406 790 3482 particuiae
809 3406 869 3472 sula

8 3533 9 3542 ,
46 3479 204 3548 dumorum
224 3499 320 3562 specle
335 3504 516 3568 erumpunt,
538 3487 584 3552 uel
604 3485 691 3552 sicuti
709 3487 808 3628 evlelnit
832 3489 862 3550 in

466 3571 493 3635 E
535 3587 549 3644 3
712 3581 743 3636 tc
765 3587 826 3644 ure,
