2146 4088
94 202 104 236 x
151 189 158 208 Ι

261 205 318 260 268
434 235 437 240 -
483 221 518 249 ⁸·
560 189 714 272 Elem-'utu
765 191 768 196 '

223 275 269 338 bae
290 273 405 340 modum
433 292 466 336 ac
495 270 525 334 in
555 289 634 336 mare
664 271 747 334 irruit
767 291 874 348 magno
904 270 1040 352 impetu,

225 355 366 432 Equidem
387 355 529 429 typhones
548 349 753 414 elediricismus
782 345 948 416 artificialis
978 355 1038 418 imi-

224 453 322 498 tatur:
349 453 433 511 nam,
463 432 486 495 si
507 429 673 496 condutiori
703 433 812 510 virgam
832 429 966 497 ferream
994 436 1037 498 ad-

224 513 347 591 nedias,
378 515 497 592 acujus
517 513 736 591 extremitate,
768 533 834 589 quae
860 511 951 590 plana
982 517 1035 593 sit,

219 611 308 671 gutta
337 613 421 669 aqua
451 589 601 670 pendeat,
629 593 728 668 eique
743 592 779 656 ad
809 592 987 658 distantiam
1008 617 1036 665 u·

220 675 284 738 nius
305 674 423 738 circiter
443 671 552 751 pollicis
573 670 776 736 admoveatur
785 671 939 736 vasculum
960 696 1033 752 aqua

218 753 355 836 plenum,
376 775 435 830 quo
456 767 586 830 tempore
606 749 793 816 eleusinum
817 768 946 830 catena,
969 774 1032 832 gut·

219 853 253 898 ta
276 835 324 899 illa
344 851 428 912 aquae
450 832 652 912 protenditur,
682 828 859 910 &exiguae
889 833 974 908 tubae
1001 835 1030 900 b-

219 937 319 992 guram
340 915 435 978 induit
456 913 497 978 iili
517 913 637 977 omnino
656 907 806 992 similem,
834 933 904 990 quae
933 915 968 976 in
988 933 1029 992 ty·

219 997 358 1074 pironibus
378 992 437 1057 fuit
458 995 633 1058 obseruata:
661 1010 759 1069 aqua,
787 1003 855 1068 quie
873 993 904 1054 in
928 1015 1026 1058 vascu-

216 1077 249 1137 lo
266 1093 335 1154 est,
369 1073 582 1150 aliquantulum
611 1073 744 1138 elevatur
775 1073 830 1136 sub
855 1071 917 1148 ipso
946 1076 1027 1138 suta

227 1175 302 1232 axe,
330 1155 372 1218 ita
402 1171 436 1216 ut
461 1155 568 1218 imitari
597 1151 798 1239 quadantenus
827 1153 964 1242 videatur
994 1155 1024 1217 il·

216 1211 279 1298 ¹nm
297 1255 437 1311 aquarum
457 1251 616 1312 montem,
648 1233 697 1310 qui
727 1233 757 1295 in
778 1232 946 1309 typhonibus
976 1254 1026 1297 at·

117 1329 121 1336 '
214 1313 349 1378 tollitur.
388 1316 435 1378 Ab
465 1317 517 1378 bac
535 1330 632 1458 ἅπτει
661 1313 792 1376 intuba
811 1311 926 1376 modum
954 1333 1023 1388 pro-

216 1407 300 1459 tensa
323 1394 470 1460 vibrantur
488 1393 534 1458 ele
563 1395 631 1458 ricae
651 1392 813 1472 scintilla,
837 1389 1023 1468 &crepitus

215 1474 334 1544 auditur
361 1475 396 1540 ad
428 1477 519 1538 instar
547 1474 649 1538 marini
677 1473 817 1536 turbinis.
845 1477 926 1539 Cum
955 1493 1022 1549 ergo

216 1557 314 1620 tenuis
332 1555 382 1620 illa
401 1553 592 1634 eledriciras,
613 1573 699 1632 quam
720 1571 784 1618 arte
802 1573 957 1630 possumus
977 1574 1023 1616 ex·
1059 1629 1060 1636 ἵ

215 1642 326 1717 citare,
353 1637 513 1714 typhonum
533 1635 686 1711 imaginem
708 1633 861 1710 praebeat,
888 1637 1021 1710 exiguam
1059 1637 1060 1646 ’

119 1743 121 1748 ’
215 1717 357 1791 quidem,
393 1733 481 1792 atque
508 1711 702 1792 inperfettan
737 1731 880 1790 quantum
908 1714 1022 1790 patitur

212 1798 393 1870 ¹comparatio
428 1795 507 1856 inter
544 1791 677 1859 effedlum
712 1794 748 1857 ab
779 1794 880 1871 exigua
915 1813 1022 1856 caussa
1059 1831 1060 1858 n

213 1871 411 1946 productum..
438 1869 472 1936 dt
499 1870 589 1938 alium
616 1875 653 1938 ab
682 1872 796 1938 infinita
824 1892 896 1950 pene
917 1875 1023 1951 maiori

210 1972 314 2016 caussa
319 1951 546 2096 1prodeuntem,
575 1954 652 2022 reue
683 1971 922 2030 argumentamur
943 1953 1023 2016 simi-

211 2032 281 2096 lium
301 2053 318 2098 e
339 2031 452 2097 eduum
472 2033 579 2097 similes
599 2055 664 2100 esse
682 2054 814 2100 caussas.
845 2038 915 2098 Non
938 2053 1022 2112 nega-
1058 2041 1060 2112 b

210 2113 302 2178 verim
323 2131 421 2178 tamen
442 2111 512 2176 alias
538 2135 620 2190 posse
648 2125 961 2180 concurrere'eaussas
987 2113 1021 2178 ad

210 2194 340 2258 turbines
358 2191 542 2287 excitandos,
570 2214 604 2258 ac
625 2196 786 2272 praesertim
807 2196 884 2259 aeris
904 2191 1020 2261 fixatio-

209 2293 296 2350 nun,
324 2293 407 2350 cutus
427 2293 482 2350 ope
510 2277 607 2338 omnia
634 2273 781 2340 turbinum
807 2279 1017 2354 phaenomena,

204 2352 351 2420 aduocato
366 2369 471 2416 tamen
492 2354 632 2418 naturalis
660 2353 861 2419 elediricitatis
891 2353 1020 2423 subsidio

206 2433 331 2578 explsscat
352 2433 573 2541 Roschouichius
598 2435 628 2498 in
657 2455 708 2500 sua
737 2437 964 2506 Dissertatione
982 2435 1018 2502 de
1059 2473 1060 2476 ¹

207 2520 268 2580 Tur
288 2517 334 2578 ine
370 2546 391 2576 ¹.
614 2545 618 2558 ·
704 2513 708 2525 ⁴

248 2616 319 2672 707.
339 2589 531 2670 Tranquilla,
560 2590 593 2656 dt
620 2591 832 2660 ordinatissima
861 2597 936 2674 ignis
955 2597 1016 2663 eie·

205 2673 283 2740 dirici
312 2672 463 2738 circulatio
498 2692 617 2750 vapores
650 2678 679 2736 io
709 2678 809 2740 nivem
843 2681 1035 2744 conuertit.·

204 2753 380 2822 Condudori
400 2753 478 2818 enim
499 2751 617 2818 adnetie
642 2775 771 2821 crassum
798 2777 968 2836 papyrum,
998 2780 1017 2823 a

203 2857 261 2914 quo
280 2833 359 2912 plura
383 2831 429 2898 fita
446 2831 593 2908 pendeant
612 2833 765 2912 aqualiter
792 2837 870 2901 inter
893 2857 926 2900 se
954 2835 1017 2902 dis‘-

203 2919 276 2980 sita:
303 2916 328 2975 si
346 2914 398 2977 uni
417 2932 539 2990 corum,
568 2934 633 2998 quae
654 2915 747 2978 media
769 2933 857 2996 sunt,
884 2915 1017 2993 digitum

202 2996 374 3071 admoveas,
401 2989 512 3070 reliqua
532 2990 579 3056 fila
606 2991 642 3058 ad
661 2995 784 3072 digitum
814 3018 1013 3080 concurrent,
1058 3003 1060 3058 i

169 3122 172 3128 ,
199 3069 284 3136 uelut
311 3069 348 3134 ad
376 3088 527 3150 centrum:
555 3077 620 3142 pari
647 3077 733 3140 modo
760 3075 907 3151 tiedricus
938 3082 1016 3158 ignis

200 3154 437 3230 atmosphaericus
450 3195 451 3200 κ
464 3151 632 3227 tranquille.
647 3155 807 3225 discurrens
824 3208 834 3238 ,
861 3158 898 3222 ad
925 3159 1017 3236 innu-¹

198 3253 276 3298 mera
297 3240 397 3298 centra
418 3229 556 3294 adunabit
576 3251 713 3314 vapores,
732 3257 766 3302 ac
787 3239 862 3302 nivis
883 3239 1015 3306 floculos

108 3315 112 3320 ’
197 3329 366 3392 componet.
396 3313 497 3388 Hinc,
524 3330 591 3394 cum
611 3315 725 3396 ningit,
754 3316 954 3386 eteurometri
975 3325 1013 3386 si.
1059 3329 1060 3344 ¹

196 3413 252 3471 gna
274 3390 415 3458 virjdtora
435 3410 532 3470 sunt,
556 3409 596 3456 ut
616 3413 767 3474 propterea
794 3398 899 3467 eadem
923 3423 1012 3468 voca·
1059 3421 1060 3424 ’

207 3495 210 3504 ·
915 3495 968 3546 tur

1053 3695 1060 3888 r
