2146 4084
1035 79 1052 131 RN

542 175 724 245 elmerus

208 267 323 334 inversa
339 259 509 328 distantiae:
537 277 568 324 at
591 264 645 322 boc
676 278 731 344 non
758 251 858 319 euenit
887 251 918 316 in
942 250 1031 340 Sole;

205 349 297 426 magis
317 347 394 408 enim
415 337 551 407 calefacit
581 357 688 402 terram
720 337 826 400 aestivo
857 349 1026 428 tempore,
1060 407 1061 424 χ

209 449 296 508 quam
315 421 460 499 hyemali,
483 418 553 484 licet
572 422 676 494 hyeme
698 417 736 479 sit
754 433 841 481 terrae
850 417 1027 490 proximior.

211 513 288 574 Item
310 503 399 580 magis
420 495 557 565 calefacit
578 495 777 582 intuendae,
807 515 896 572 quam
919 517 1026 577 mane,

211 587 281 650 licet
300 601 426 658 utroque
457 598 588 658 tempore
603 576 712 668 pardem¹
731 572 792 672 iere
822 577 861 638 bit
881 573 1029 670 distantia

209 667 297 742 ipsius
316 661 394 726 ¹Solis
414 683 430 724 a
453 679 552 724 terra.
581 661 657 720 Item
679 677 759 720 varra
779 666 961 722 rnteasrtate
980 678 1028 722 ca·

209 743 313 809 leincit
334 743 447 806 divorsa
466 757 557 806 terrae
576 737 659 816 loca,
680 755 746 813 quae
761 757 847 812 aequo
868 737 1028 802 intervallo

209 827 244 891 ab
275 827 336 900 ipso
357 822 478 884 abeunt:
503 839 574 896 ergo
596 816 667 882 Solis
695 815 863 880 minantia
898 837 961 880 non
983 835 1026 883 cat

177 977 181 984 ,
208 905 266 986 igni
288 921 389 966 nostro
410 901 577 978 persimilis.
822 913 824 916 ’
1053 949 1057 954 .

251 993 319 1055 aab.
342 987 383 1047 R.
396 979 499 1044 solaris
516 976 622 1043 caloris
643 972 856 1041 vicissitudines
873 993 937 1042 oon
960 995 1029 1058 pen·

207 1063 275 1129 dere
296 1078 414 1127 tantum
433 1079 451 1123 a
472 1060 544 1124 Solis
565 1053 723 1134 distantia,
752 1054 801 1122 ted
822 1058 858 1120 ab
877 1057 946 1122 aliis
968 1059 1027 1138 pla·

210 1144 288 1210 ribus
308 1143 433 1204 caussis:
468 1139 651 1216 potissimum
673 1157 742 1200 vero
762 1159 779 1201 a
797 1135 913 1203 diversa
933 1140 1027 1204 radio-

211 1245 276 1286 rum
296 1219 369 1284 Solis
390 1219 567 1296 obliquitate
588 1268 598 1298 ,
627 1218 816 1296 quantitate,
837 1239 919 1283 mota
940 1239 1025 1299 supra

210 1303 422 1378 horizontem,
450 1319 484 1363 ac
503 1320 520 1362 a
540 1297 653 1364 diversa
682 1295 814 1362 locorum
830 1297 1027 1364 conditione.
1058 1308 1059 1319 ¹

212 1386 308 1446 Primo
329 1383 427 1456 itaque
448 1429 457 1456 ,
487 1401 546 1455 quo
567 1380 636 1442 radii
659 1379 730 1442 Solis
750 1395 858 1444 terram
880 1378 1025 1457 obliquius

214 1461 343 1540 feriunt,
363 1460 506 1524 minorem
525 1460 633 1524 habent
650 1455 837 1524 calefaciendi
858 1461 945 1538 vim5
967 1479 1025 1538 pet·

208 1542 307 1609 cussio
326 1542 404 1605 enim
424 1537 582 1606 fluidorum
603 1536 718 1616 oblique
736 1537 905 1614 cadentium
923 1559 971 1604 est
991 1555 1027 1604 ut

187 1631 189 1638 ’
208 1620 385 1701 quadratum
413 1619 495 1686 sinus
512 1619 612 1700 anguli
632 1616 845 1700 inclinationis,
877 1621 970 1685 sicuti
989 1641 1024 1684 cx

206 1701 334 1767 doctrina
353 1700 505 1778 compositi
527 1717 624 1764 motus
646 1699 761 1764 ostendi
790 1696 876 1764 facile
908 1716 1023 1778 poterat
1056 1741 1064 1780 3

209 1780 322 1862 (Phys.
339 1787 413 1846 Gen.
435 1801 463 1844 rr.
485 1787 580 1858 3⁶⁶),
601 1777 730 1856 adeoque
750 1781 843 1844 minor
864 1801 918 1859 pro
937 1784 1024 1862 maio·
1063 1853 1064 1858 γ

208 1865 233 1927 ri
257 1863 446 1938 obliquitate.
474 1865 554 1926 Cum
585 1879 668 1935 porro
687 1858 817 1924 altitudo
843 1860 921 1925 Solis
941 1863 1024 1927 meti·

203 1945 291 2008 diana
312 1946 340 2006 in
362 1941 468 2004 aestivo
488 1939 658 2004 solstitioad
680 1939 865 2006 altitudinem
890 1939 1020 2008 meridia·

162 2093 169 2099 ,
207 2047 274 2090 nam
295 2025 323 2087 in
346 2017 474 2084 solstitio
492 2018 621 2095 hyberno
640 2022 679 2084 sit
699 2039 734 2085 ut
761 2039 795 2096 q:
817 2047 829 2085 r
859 2069 868 2099 ,
894 2024 959 2087 erit
977 2043 1024 2087 ca·

206 2105 249 2172 lor
263 2106 300 2171 rin
320 2102 413 2180 ptimo
439 2099 569 2164 solstitio
589 2097 625 2164 ad
653 2099 780 2170 calorem
811 2103 840 2166 in
872 2102 1021 2177 secundo,

206 2201 241 2249 ut
256 2182 289 2256 q‘:
317 2179 498 2262 rsinspetla
521 2179 727 2246 tantummodo
743 2180 854 2246 diverse
875 2182 1029 2248 radiorum.

205 2263 396 2338 obliquitate.
426 2265 471 2325 Ex
490 2264 546 2328 bac
572 2261 675 2326 eadem
697 2262 776 2327 varia
805 2261 954 2328 radiorum
976 2271 1025 2328 So

206 2346 240 2407 lrs
263 2340 419 2404 directione
441 2339 547 2417 pendet
567 2341 679 2406 diversa
709 2343 836 2422 ipsorum
865 2345 1021 2421 quantitas

206 2424 431 2498 atmosphaeram
451 2437 623 2496 penetrans:
651 2443 718 2486 nam
746 2445 796 2501 pro
815 2425 918 2504 majori
954 2423 1025 2488 obli·

205 2503 321 2580 quitate
341 2501 436 2565 minor
454 2517 501 2566 est
522 2501 721 2568 radiorumvis
739 2502 776 2566 ad
793 2507 1025 2582 atmospboeram

114 2647 120 2654 ,
157 2596 165 2614 ’
206 2580 434 2662 pervadendam:
463 2582 529 2646 hinc
550 2583 678 2661 hyberno
699 2599 831 2660 tempore
851 2585 927 2649 'radii
946 2585 1032 2648 Solis

206 2661 380 2740 obliquiores
417 2667 640 2742 atmosplraeram
669 2683 818 2742 permeant
856 2667 887 2729 in
915 2664 1024 2729 minori

206 2763 358 2824 numeroq
385 2741 487 2822 reliqui
507 2761 607 2810 eutem
628 2745 821 2822 impingentes
854 2747 882 2810 in
911 2744 1021 2810 solidas
1064 2753 1065 2756 ’

204 2827 384 2901 aerispartcs
420 2821 489 2890 inde
500 2822 692 2892 reflectuntur
711 2823 805 2890 sidera
823 2845 943 2904 versus;
969 2841 1026 2889 aut

205 2907 328 2971 diversis
348 2874 564 2972 reliadionibus
580 2903 792 2987 debilitantur,
814 2905 890 2972 node
909 2905 945 2972 lit
967 2907 1026 2969 mi·

206 3007 258 3050 nor
280 2987 308 3050 in
331 3004 404 3052 terra
426 2987 521 3053 calor.
550 2988 653 3050 Tertio
673 2985 792 3052 evidens
813 3003 860 3052 est
882 3007 935 3064 pro
956 2985 1028 3050 lon·

202 3067 277 3146 glori
297 3066 369 3132 Solis
379 3091 459 3134 mora
479 3088 562 3145 supra
584 3067 787 3148 horizontem,
809 3067 912 3133 caloris
935 3066 1028 3131 allio-

202 3171 272 3213 nem
292 3147 414 3216 evadere
437 3148 606 3213 viridiorem
627 3167 662 3210 ex
691 3151 864 3226 continua,
892 3167 949 3212 nec
977 3148 1027 3210 in·

201 3247 335 3308 terrupta
378 3228 586 3296 calorificarum
627 3227 834 3303 particularum
872 3225 1026 3305 adlione,

105 3345 112 3356 ,
202 3331 328 3390 cumque
356 3311 463 3377 aestivo
494 3323 627 3384 tempore
656 3303 821 3375 diuturnior
849 3308 889 3371 sit
923 3305 991 3370 diet
1017 3356 1026 3385 ,

202 3415 290 3472 qnam
313 3393 456 3468 hyberno,
488 3391 580 3466 major
600 3386 651 3452 liet
671 3388 774 3453 calori
802 3387 939 3453 similitei
959 3389 1025 3451 erit

205 3472 327 3540 uiridior
347 3493 434 3552 prope
453 3469 603 3540 meridient
630 3470 789 3553 cujuslibet
806 3468 865 3542 diei
894 3467 933 3534 ob
955 3467 1028 3544 plu-

492 3569 499 3580 *
934 3568 984 3616 tea
