2146 4084
233 245 291 286 roo
442 289 444 294 ,
519 217 675 286 Elementa

142 295 147 302 ’
213 301 364 378 uandoque
393 297 588 376 innatantia,
619 297 795 377 quandoque
823 295 852 360 in
883 293 1012 362 fundum

192 327 378 456 irridentis,
400 382 455 442 hoc
479 379 556 444 enirn
576 377 647 440 dato
668 381 795 445 indicata
816 383 1014 456 phaenomena

193 462 413 540 haudquaquam
435 459 671 523 observarentur.

230 557 302 611 261.
322 589 344 618 ‚,
364 537 514 606 scholion.
535 537 735 605 Observantur
756 540 784 602 in
800 536 865 602 Sole
886 535 1012 604 maculae

191 671 213 704 „
234 644 288 701 ope
307 618 496 698 helioscopii:
514 616 593 684 idest
604 619 688 698 tubi,
708 623 791 700 cujus
808 621 919 682 vitrum
940 639 1012 682 ocu·

192 751 214 786 ,‚
234 704 293 768 lare
313 699 533 766 fumoflammae
548 698 638 764 fucrit
659 698 797 766 infeCium
815 699 903 776 ivel,
926 701 1011 778 cujus

120 825 130 843 t
191 832 213 863 „
234 780 329 850 lentes
349 781 408 844 sint
429 779 588 862 coloratae,
612 802 649 847 nc
669 780 745 846 oculi
764 781 840 847 acics
863 779 1011 844 laedntur.

191 907 214 944 „
235 863 437 930 Observantur
457 860 547 926 etiam
570 883 619 939 per
644 859 703 924 duo
724 862 808 939 plana
831 861 944 937 vitrea,
977 855 1009 924 ἀ

190 989 213 1026 ,,
234 943 384 1020 colorata,
416 944 495 1006 inter
515 957 581 1018 quae
609 939 730 1006 candida
750 947 848 1006 charta
869 961 924 1006 acu
948 961 1011 1018 per·

181 1062 213 1106 ·„
235 1020 330 1089 forata
352 1027 463 1100 jaceat.
484 1026 615 1100 Utroque
633 1019 719 1086 modo
739 1019 872 1100 inspecte
882 1021 1008 1084 macutae

192 1153 214 1188 ,‚
234 1126 251 1166 a
275 1122 322 1168 toc
334 1103 534 1178 Astronomis,
558 1103 650 1165 etiam
670 1097 835 1180 longissimo
851 1099 1010 1164 intervallo

192 1183 344 1269 „dissitis
365 1183 528 1245 observatas
561 1197 649 1258 sunt,
680 1199 713 1246 ut
744 1183 867 1261 ineptire
895 1179 1011 1245 dicendi-

122 1263 127 1268 ’
192 1315 214 1346 ‚‚
236 1264 296 1326 sint
317 1261 358 1340 ii,
379 1263 428 1338 qui
449 1259 575 1341 maculas
595 1261 668 1325 Solis
688 1279 827 1340 putarunt
847 1259 885 1324 ad
906 1261 1009 1339 lusus,

194 1390 216 1428 „
236 1364 270 1406 ac
290 1340 475 1420 deceptiones
496 1341 649 1408 oculorum
668 1361 731 1408 esse
752 1341 937 1408 referendas.
960 1344 1010 1406 Dc

196 1465 217 1504 ,,
239 1421 325 1488 modo
344 1419 513 1487 observandi
542 1421 648 1486 solares
669 1423 795 1488 maculas
824 1419 888 1485 fuse
912 1423 1034 1500 dispo»
1064 1455 1065 1488 ;

139 1557 145 1577 r
194 1556 216 1586 ‚,
237 1503 314 1570 tavit
334 1503 376 1570 Ι).
395 1501 431 1568 de
460 1502 489 1566 la
515 1501 617 1568 Laude
645 1503 674 1564 in
699 1503 778 1568 Aciis
801 1503 889 1566 Paris.
917 1500 1011 1567 Acad.

195 1635 216 1669 „
240 1597 339 1666 177⁶,
368 1585 415 1650 ubi
441 1581 687 1648 observationibus
716 1585 832 1647 iunixus
853 1580 1010 1647 contendit

194 1715 216 1750 ,‚
235 1661 310 1730 sniis
328 1663 459 1730 maculas
486 1683 551 1726 csse
580 1661 704 1726 totidem
725 1661 935 1740 prominentiam
958 1684 1014 1725 nu-

120 1807 122 1814 ,
194 1795 216 1826 ,‚
236 1742 294 1810 elei
314 1741 398 1808 solidi
419 1739 510 1806 tedas
531 1740 710 1820 retedasque
724 1743 892 1813 alternatim
912 1765 932 1808 a
952 1741 1012 1806 flu-

194 1871 217 1906 „
238 1841 297 1900 xu,
326 1821 500 1898 refluxuque
519 1821 624 1898 igneae,
639 1825 793 1904 materiae,
821 1823 867 1888 cui
896 1843 1011 1902 semper

195 1954 218 1992 η
238 1905 449 1984 immerguntur
469 1897 507 1980 ἵ.

237 1996 304 2047 262.
324 1982 431 2048 Dices.
458 1977 532 2062 Solis
552 1979 675 2046 maculae
695 2000 808 2054 motum
830 1986 939 2051 habent
958 2005 1006 2062 pc·
1063 1999 1067 2016 ‘

195 2061 338 2130 riodicum
358 2063 396 2132 ab
422 2078 525 2128 ocsasu
554 2060 704 2126 iu-ortum
735 2089 771 2142 en
803 2065 924 2132 circiter
948 2065 1009 2129 die·

195 2166 279 2224 rum,
300 2139 335 2212 ὅ(
357 2159 373 2207 8
395 2149 530 2220 horarum
552 2143 665 2220 spatio.
696 2145 792 2212 Deine
811 2168 828 2210 a
849 2169 925 2210 zona
949 2163 1010 2208 tor·

44 2234 46 2240 ’
119 2289 121 2292 .
194 2224 256 2292 rida
277 2248 335 2290 non
353 2237 532 2300 excurrunt,
560 2220 611 2286 scd
639 2243 752 2306 semper
772 2245 893 2291 manent
913 2226 1011 2290 veluti

195 2309 273 2372 inter
293 2303 367 2370 duos
388 2306 514 2380 tropicos
535 2301 624 2392 ipsius
634 2303 709 2386 nolis
715 2347 723 2366 .
743 2307 836 2383 Igitur
857 2325 928 2372 suot
949 2305 1010 2384 pla·

193 2403 294 2465 nctae,
323 2385 374 2462 qui
393 2383 480 2448 modo
500 2401 648 2460 majores,¹
672 2381 759 2458 modo
778 2387 904 2452 minores
922 2408 1014 2464 appa·
1067 2461 1068 2464 Ἴ

195 2472 280 2530 ient:
308 2482 395 2542 prout
417 2461 465 2528 vel
485 2465 571 2528 vicini
591 2461 686 2544 plures
717 2482 811 2546 sunt,
832 2466 881 2536 vel
902 2469 939 2534 ab
960 2487 1011 2546 ap·

196 2547 310 2626 parenti
330 2545 438 2610 unione
457 2564 642 2623 separantur.
702 2594 717 2622 ,.
952 2587 955 2594 -
1066 2507 1068 2602 i

236 2637 305 2702 263.
325 2629 368 2689 R.
387 2625 523 2706 Aliquem
543 2626 704 2703 regularem
725 2641 839 2692 motum
867 2624 1014 2698 solaribus¹

196 2703 318 2772 maculis
339 2708 433 2771 inesse
453 2729 509 2772 non
527 2727 692 2786 negamus.
721 2710 764 2770 At
793 2729 862 2782 curn¹
882 2707 1034 2772 maculae·

196 2790 257 2853 siut
277 2790 327 2852 vel
353 2808 463 2866 spumae
471 2837 482 2868 ‚
510 2785 543 2852 ἃ
572 2787 775 2850 concretiones
797 2786 869 2852 Solis
888 2784 1011 2866 superfi-

197 2867 252 2953 ciei
273 2867 471 2934 adhaerentes:
494 2865 538 2952 uel
560 2863 726 2952 fuligines,
756 2863 790 2930 ἃ
809 2864 883 2932 furni
905 2889 922 2931 a
942 2866 1013 2932 Sole

197 2947 311 3035 quidem
331 2947 403 3014 elati
426 2999 436 3028 ‚
464 2948 515 3014 sed
536 2950 734 3025 tameaintra
755 2949 817 3027 ejus
834 2953 1013 3027 atmosphae·

174 3049 275 3106 itam,
296 3029 386 3094 veluti
407 3031 496 3096 nubes
517 3029 758 3112 suspeuqsij.hinc
778 3049 813 3092 ex
834 3046 916 3106 motu
942 3049 1012 3093 ver-

197 3107 317 3192 tiginis,
340 3133 398 3188 quo
420 3111 468 3176 §oi
485 3112 566 3187 circa
581 3130 666 3194 suum
689 3130 773 3189 axem
796 3109 832 3174 ab
850 3127 957 3174 occasu
977 3109 1014 3172 in

196 3206 294 3254 ortum
317 3218 351 3269 27
373 3193 489 3259 circiter
504 3185 624 3270 dierum
642 3191 737 3266 spatio
756 3187 945 3268 revolvitur„
972 3189 1011 3254 fir

198 3286 233 3333 ut
255 3265 289 3334 ὃ(
309 3271 434 3352 maculae
454 3286 542 3350 rauco
565 3266 685 3346 praecise
705 3286 1014 3351 temporeroteotur:

195 3347 284 3414 sicuti
303 3349 372 3416 data
394 3347 646 3432 rotationeterrae
693 3365 810 3414 necesse
831 3366 897 3429 est,
918 3369 955 3416 ut
974 3349 1018 3416 &

194 3448 303 3497 trustae
335 3433 388 3508 ipsi
417 3427 626 3511 edhaerentes‚
652 3397 687 3493 it
711 3429 801 3496 nubes
868 3453 881 3494 r
908 3451 1014 3498 acrem

194 3530 345 3592 suspensae
360 3511 419 3592 pati
435 3525 571 3595 §sulpure
590 3509 837 3598 citcuituumbso
850 3523 973 3658 nantid

241 3645 251 3658 ..
382 3599 393 3610 “
828 3597 945 3665 noa-A

183 2785 195 2816 ὣ
