2176 4086
225 221 359 301 Physicis
376 223 589 290 Particularis.
616 278 618 292 ,
730 233 790 308 sip
892 289 896 294 .

15 305 35 384 l
56 301 146 384 Phys.
167 309 239 376 Ges.
259 323 288 368 r.
309 313 377 380 489.
397 304 426 380 ).
446 309 509 384 111,
532 311 671 386 vapores,
691 305 831 376 &urm

18 380 150 450 lotiones
170 385 201 447 in
213 389 413 460 'atmosplraera
433 385 629 453 ‘accumulate
649 389 713 466 ejus
721 389 833 467 pondus

19 465 201 544 adaugent.
230 467 275 534 Ex
304 463 425 530 adverso
453 466 637 532 imminuitur
656 470 765 546 pressio
784 489 834 534 ae·

13 547 61 616 ris
84 547 117 626 1,
134 549 214 609 Cum
234 545 318 617 venti
337 539 542 624 ssent-magno
563 548 684 628 impetu,
699 571 763 626 quo
783 569 833 613 rer

19 625 129 692 eloco
147 623 294 704 pellitur,
319 621 353 690 dt
382 627 464 702 quasi
484 631 608 692 vacuum
626 626 804 706 relinquitur
820 651 851 692 .··

20 704 71 772 uel
86 705 262 772 cummenti
284 725 398 769 sursum
417 707 538 785 spirant,
558 726 593 769 ac
612 713 833 786 atmospbatrans

19 786 153 860 deuant.
178 790 227 862 ll,
247 789 326 850 Cum
347 805 396 850 uer
413 783 642 850 exhalationibus
661 785 837 854 descenden-

20 867 104 934 tibus
125 866 261 934 otbatur.
281 865 339 929 His
359 865 467 943 igitar,
486 863 610 943 aliisque
629 864 754 942 pluribus
775 863 834 931 for·

20 965 107 1014 tasse
127 945 282 1022 incognitis
297 944 409 1010 saumis
427 949 631 1024 atmospbaerae
652 945 763 1024 pondus
782 967 834 1010 va-

21 1028 93 1092 riari
113 1021 272 1090 identidem
293 1040 402 1104 potest,
426 1025 503 1090 uude
524 1047 581 1088 non
596 1027 712 1104 mitum,
733 1027 758 1092 si
779 1021 836 1092 fre·

22 1123 152 1186 spuentes
170 1105 201 1169 in
223 1105 385 1170 barometro
405 1107 584 1171 mutationes
603 1115 752 1184 apparent.

63 1193 136 1252 osa.
156 1191 257 1262 Atque
277 1187 345 1250 binc
365 1203 465 1264 patet,
484 1189 539 1272 ulls
555 1185 638 1252 coelo
658 1190 778 1266 serenl,
798 1205 834 1252 ac

22 1261 123 1334 llante
151 1265 238 1330 bores
265 1264 354 1330 altior
381 1266 537 1332 attollatur
555 1267 715 1332 mercurius
736 1269 770 1330 in
787 1266 835 1332 ba·

23 1364 175 1426 rometro,
191 1341 327 1423 frigescit
348 1348 427 1410 enim
448 1347 484 1411 ab
504 1345 640 1424 aquilone
658 1367 709 1412 aer
742 1345 835 1424 fitque
957 1353 959 1359 ’

23 1427 161 1506 densior,
194 1423 227 1490 dt
249 1424 412 1506 humilior3
439 1428 507 1490 binc
528 1447 693 1503 supremum
713 1397 835 1491 laterale

24 1505 154 1572 fluidum
175 1525 292 1570 aereum
315 1503 440 1583 undique
459 1503 572 1584 affluit,
593 1525 836 1570 aeremaccurnu·

22 1587 92 1665 lat,
111 1586 274 1666 graviorem
291 1583 405 1648 reddit.
477 1595 489 1648 i

65 1681 141 1740 ⁶23.
160 1662 251 1728 Corio
272 1663 537 1744 autemnubilosm
555 1667 578 1730 si
587 1685 637 1730 aer
645 1681 745 1730 manet
758 1681 837 1730 trau-

11 1745 137 1829 ¹,quillus
158 1740 475 1822 proculdubimgrauior
496 1745 530 1810 fir
548 1795 557 1824 ,
577 1744 611 1810 dt
631 1743 781 1816 sublimior
800 1745 838 1808 si·

24 1841 91 1898 sset
113 1825 288 1898 mercutius.
317 1830 386 1889 At:
414 1825 439 1888 si
458 1825 538 1890 coelo
559 1823 692 1890 nubiloso
714 1823 759 1924 uel
779 1826 837 1901 spi·

24 1923 77 1976 ret
96 1902 206 1970 calidus
226 1917 355 1998 ventus,
392 1903 441 1970 rel
462 1903 559 2001 pluvia
578 1903 693 1970 decidat
714 1953 724 1984 ,
745 1903 839 2000 depri-

25 2003 128 2068 npetur
145 2004 334 2063 mercurius,
363 2003 432 2050 curn
462 2007 491 2048 m
513 2002 638 2062 utroque
656 2005 725 2051 casu
747 2005 838 2050 rarior

26 2067 83 2134 fiat
104 2067 312 2142 atmosplraera.
341 2065 425 2131 Adde
452 2063 652 2132 descendente
670 2065 770 2142 pluvia
790 2085 841 2129 ae-

25 2168 93 2212 rem
121 2146 217 2210 miuus
245 2165 373 2221 premere
401 2162 602 2223 stagnantem„
616 2146 646 2206 in
682 2164 750 2208 uase
769 2139 840 2204 flui-

27 2227 121 2306 dum,
142 2225 230 2305 sicuti
252 2245 324 2302 aqua
344 2225 441 2288 minus
460 2227 566 2302 premit
588 2224 664 2290 vasis
683 2223 808 2290 fundmu
823 2263 839 2302 v,

28 2329 100 2375 oum
120 2327 168 2384 per
190 2308 280 2383 ipsam
298 2303 450 2370 descendit
471 2305 604 2384 solidum,
627 2304 672 2368 uri
693 2305 766 2369 alibi
788 2325 842 2367 no·

30 2389 162 2456 ravimus
190 2390 201 2465 (
223 2381 312 2462 Phys.
333 2390 404 2450 Gru.
424 2403 452 2448 n.
474 2399 543 2460 epe.
592 2430 601 2448 .
628 2385 800 2451 Arretium
821 2404 856 2448 a·

27 2465 271 2534 descendentibus
291 2465 466 2542 pravioribus
487 2466 558 2546 plur
615 2467 710 2544 guttis
725 2484 840 2529 sursum

28 2542 162 2630 protutdi
182 2545 267 2614 debet
287 2549 300 2628 (
319 2543 373 2617 ibi,
390 2566 419 2612 rr.
444 2561 498 2624 σοι
526 2547 561 2629 ),
586 2547 740 2624 minusque
759 2541 842 2610 deer-

29 2649 98 2696 sutn
119 2647 262 2706 premere.
525 2669 530 2675 -

76 2722 143 2780 ⁶24·
164 2708 249 2773 Hinc
267 2705 358 2770 etiam
380 2706 534 2788 intelliges,
555 2727 609 2772 cur
617 2706 706 2786 altior
726 2723 841 2782 perstet

32 2788 195 2858 mercurius
216 2789 244 2850 in
266 2783 337 2850 locis
357 2785 499 2864 polaribus
519 2837 529 2867 ,
549 2809 638 2864 quam
660 2789 690 2850 in
712 2787 845 2862 aequino.

32 2867 186 2947 crinibus,
205 2867 276 2932 licet
299 2866 337 2930 ibi
356 2870 446 2944 magis
467 2869 613 2946 graviter,
633 2885 721 2944 quam
729 2865 784 2927 sub
802 2885 844 2929 te·

32 2944 273 3028 quateteleys.
290 2949 503 3030 Gerr-mn).
523 2947 582 3012 Sub
602 2945 674 3024 pulis
694 2946 773 3008 enlm
794 2943 845 3010 fri-

52 3027 127 3094 idior
147 3045 194 3097 est
214 3049 284 3104 aer,
304 3048 340 3090 ac
360 3026 485 3107 densior,
504 3050 547 3094 ex.
565 3026 687 3092 adverso
706 3024 845 3104 calidior,

90 3109 179 3172 rarior
198 3107 253 3172 sub
271 3124 437 3185 aequatore.
465 3109 581 3174 Deinde
609 3107 702 3187 posits
740 3107 847 3174 tellure

33 3189 73 3256 ad
95 3187 176 3267 pulos
195 3208 382 3268 compressa,
416 3189 631 3257 sublimiorest
650 3195 845 3268 atmospbaera

35 3268 91 3336 ¹snb
108 3265 193 3365 polis,
211 3268 535 3394 quamsubaequatore:
556 3268 688 3347 adeoque
705 3269 744 3332 ibi
753 3271 846 3335 etism

34 3369 166 3434 gratior.
477 3359 480 3370 '
820 3360 835 3370 ”

720 3596 762 3698 r·
775 3597 809 3694 r
845 3639 847 3645 ι
