2146 4084
259 217 299 278 aa
551 191 703 258 Elementa

260 303 327 351 24¹·
348 274 480 340 Alteram
502 269 727 338 methodumad
739 267 950 366 inveniendam
975 263 1043 368 lira·

219 382 286 425 tum
307 377 324 420 a
345 355 451 420 tellure
470 353 639 418 distantiam
669 370 817 429 proposuit
839 351 1041 440 Flamstedrus

219 465 257 506 ex
281 443 375 501 annua
395 433 517 498 fixarum
539 432 693 511 parallaxi.
720 436 796 496 Nam
825 431 854 494 in
885 431 1038 510 triangulo

221 523 292 585 EST
314 521 327 596 l
341 509 392 598 fig.
417 541 445 593 ς.
464 513 477 590 )
506 531 578 578 noto
597 513 700 590 angulo
731 509 919 608 parallanth
938 516 1041 590 EST,

221 620 308 677 quem
329 596 453 660 metitur
482 613 564 656 arcus
582 593 630 656 BC
659 599 738 670 (nuc
760 593 877 666 121·):
909 609 1044 674 itemque

222 697 295 742 noto
315 673 419 754 angulo
440 677 529 752 EsT,
552 695 638 750 quem
660 673 783 737 metitur
803 693 886 736 arcus
908 673 996 752 BA,
1022 673 1042 736 si

222 753 601 835 praetereaconstctlatus
625 758 676 816 ET
707 750 928 824 semidiametet
962 753 1042 817 reno

220 841 287 915 ris,
320 857 369 910 per
396 833 644 912 trigonometriam
672 835 839 897 innotescet
863 827 953 898 lutus
978 838 1042 913 ST,

223 938 274 980 seu
298 915 439 979 distantia
462 912 526 976 fixae
547 923 564 976 S
583 935 597 975 a
621 931 725 976 centro
741 913 868 978 telluris·
889 916 967 978 Hac
989 935 1044 978 me·

225 993 317 1061 thodo
337 1013 422 1058 utens
444 988 1043 1059 Flamstediusdefirriuitdistautiamstel-

222 1075 259 1138 lae
281 1073 386 1151 polaris
407 1095 424 1136 a
443 1072 550 1136 tellure
570 1073 599 1145 iu
619 1075 709 1151 'ipsius
727 1073 839 1140 telluris
856 1075 1044 1168 semidiame·

222 1157 276 1218 tris
289 1174 518 1229 50000000000.
531 1157 639 1217 Verum
649 1171 773 1231 utraque
782 1168 915 1229 'exposita
930 1161 1042 1222 metho-

199 1267 203 1272 ·
226 1233 278 1298 dus
291 1233 723 1314 incertisinnititurprine'rpiis3
743 1235 818 1298 unde
833 1235 913 1320 circa
924 1237 1041 1301 fixarum

152 1337 155 1342 ·
222 1307 396 1376 distantiam
406 1315 476 1376 nibil
491 1311 627 1378 hactenus
645 1313 780 1378 fuittuto
796 1315 1042 1383 determinatum.

267 1413 334 1462 241.
358 1399 457 1468 Atque
477 1396 544 1457 hinc
565 1391 783 1458 fixarumetiam
803 1397 1042 1470 magnitudomn-

226 1473 295 1534 nitro
323 1473 503 1551 incomperta
525 1473 581 1538 eli.
600 1475 887 1538 Cumanimincerta
911 1480 956 1542 sit
977 1481 1043 1556 ipsa·

230 1573 293 1614 tum
315 1553 465 1628 parallavis
487 1555 653 1634 (n,178):
675 1557 748 1619 item
769 1556 880 1620 incerta
901 1557 1041 1624 distantia

222 1634 274 1708 (a.
288 1652 340 1704 nat
354 1633 388 1712 ),
410 1629 504 1700 nullus
525 1635 654 1712 suppetit
675 1632 805 1717 modus,
835 1653 892 1730 quo
925 1639 1042 1705 fixarum
1066 1673 1067 1680 κ

223 1711 450 1778 determinemus
472 1715 723 1792 magnitudinem.
742 1719 823 1781 Hinc
841 1737 916 1781 tutta
939 1719 1041 1786 disset·
1063 1745 1067 1782 ς

228 1793 270 1852 sio
294 1797 486 1856 astronomos
513 1797 590 1856 inter
614 1797 643 1856 in
666 1794 784 1862 fixarum
813 1799 961 1864 diametro
989 1815 1039 1866 sta
1066 1822 1067 1834 ¹

208 1868 373 1932 bibenda.
411 1874 603 1948 Gopemicani
639 1873 759 1942 fixarum
788 1879 895 1962 molem
932 1895 1039 1957 ponunt

221 1970 397 2027 enormem,
422 1954 580 2026 Tychonici
601 1950 794 2024 imminuunt,
816 1959 888 2024 Illud
911 1958 1040 2026 fatentur

131 2051 135 2066 v
223 2047 345 2108 omnes,
364 2030 469 2095 molem
492 2032 630 2113 lixarum,
654 2039 683 2100 ni
704 2041 832 2105 multum
851 2040 977 2108 excedat
995 2049 1040 2107 So·
1061 2066 1063 2087 ¹

1060 2016 1063 2059 t

227 2105 306 2188 lem,
328 2110 434 2177 saltem
456 2115 548 2192 ipsum
569 2113 736 2196 adaequare.
897 2221 899 2224 Ι
962 2162 966 2168 -
1060 2126 1066 2270 ι

425 2232 452 2296 C
493 2239 521 2297 A
563 2239 584 2298 P
625 2243 650 2302 U
691 2241 719 2304 T
779 2239 841 2307 tv.

435 2397 437 2401 ·
552 2363 596 2424 De
625 2353 694 2424 sole
710 2372 723 2422 ιΔ

224 2451 291 2504 243·
397 2435 575 2504 Bseroatio.
596 2439 641 2504 Sul
664 2438 728 2503 fons
746 2435 890 2522 luminis,
907 2462 980 2524 ,quo
1000 2445 1045 2512 iro·

414 2513 508 2582 tetdiu
538 2519 628 2594 tellus
654 2521 844 2600 illustratur,
881 2513 1042 2606 telescopio

225 2591 614 2670 inspedlusaequabilemaon
632 2602 971 2687 exbibettsupetficiem,
992 2605 1047 2672 sed

228 2691 376 2760 asperam,
397 2694 430 2736 ac
454 2678 553 2754 ignitis
574 2683 657 2745 undis
678 2685 859 2762 crispatam.
882 2689 913 2748 ln
936 2687 1042 2752 eadem

222 2753 305 2819 Solis
328 2753 403 2819 lacie
430 2759 604 2835 nigricantes
630 2761 757 2826 maculas
787 2765 952 2842 irregularis
972 2767 1067 2845 fige-l

221 2855 288 2914 tae,
318 2831 532 2903 &durationis
553 2842 661 2918 primus
682 2844 851 2910 mortalium
867 2843 959 2912 vidit
981 2853 1045 2913 Ga·

220 2913 314 2978 lilaeus
336 2936 412 2977 anuo
437 2927 522 2999 1610,
547 2940 580 2984 ut
601 2939 753 3001 propterea
775 2927 927 3004 plagiarius
949 2931 1044 2994 babe-
1066 2953 1067 3020 t

222 2995 245 3056 ri
265 2993 368 3060 debeat
389 3001 558 3066 Scheiuerus
578 3002 687 3084 Jesuita
706 3006 969 3089 ingolstadiensis,
990 3006 1043 3088 qui

220 3074 295 3138 hauc
323 3077 522 3144 inventionem
551 3085 604 3146 sibi
633 3087 803 3166 arrogavit,
836 3085 1045 3166 plaudentibus

220 3157 404 3236 Gennanis,
437 3179 525 3238 atque
545 3164 860 3243 inventionteplonam
890 3182 1048 3236 conterra-

220 3254 279 3299 neo
297 3235 536 3319 vindicantibus,
563 3241 600 3307 de
621 3265 676 3322 qua
698 3248 834 3314 resvelde
860 3260 1046 3327 conquestus

219 3312 279 3380 fuit
298 3315 441 3382 Galilaeus
460 3363 469 3396 ,
491 3339 526 3385 uc
546 3322 601 3401 legi
622 3341 720 3402 potest
733 3327 771 3390 in
785 3326 855 3410 'ejus
876 3332 1041 3410 epistolist

221 3413 285 3460 tum
307 3398 336 3460 in
361 3419 447 3475 opere
467 3399 489 3460 il
513 3407 703 3490 Saggintnrc,
724 3411 759 3475 ac
779 3410 810 3476 iu
830 3409 958 3477 Galilaei
981 3416 1045 3478 vita

228 3477 567 3556 oportunissimum·
636 3533 674 3544 ..
1043 3539 1047 3544 .

174 3609 177 3620 s
901 3564 1004 3640 PRO⁸
