2136 4076
107 323 109 334 Ι
261 249 391 332 Physlcae
410 251 629 324 tununnen-
745 275 801 340 2⁹³

38 334 150 398 ninres.
178 335 224 398 Er
245 331 346 398 iisdem
365 331 531 408 cyliudtulis
558 331 705 410 opacitate
726 351 776 396 sua
797 351 845 399 rn-

40 417 104 478 dies
125 411 193 478 solis
221 409 438 478 ressedlentlbus
466 413 599 478 oriuntur
625 411 684 476 duo
710 411 843 478 laterales

37 494 150 572 -pseudo
169 490 246 558 soles
265 497 313 570 N,
335 489 368 555 dc
389 495 438 572 1<,·
458 491 596 570 siqnidem
618 513 700 558 arcus
719 495 783 556 ΚΝ
798 515 842 555 so

42 573 64 635 li
86 572 223 652 propior,
251 577 357 649 utpote
376 593 413 638 ex
433 575 529 648 opacis
549 571 684 650 cylindris
703 593 740 636 co
808 572 844 634 si-

39 671 109 732 tus,
138 653 323 718 transmittet
342 649 379 714 ad
406 652 523 720 oculurn
546 669 701 730 perpaucos
720 673 733 714 t
770 671 842 730 ros,

33 729 167 798 restsdlis
184 732 269 810 aliis,
297 749 388 809 atque
407 733 605 799 aberttnlibus
625 757 642 796 a
666 729 740 796 rena
759 735 811 796 BA
833 779 843 810 ,

32 829 103 888 φιτ
122 828 257 884 nentrum
287 809 356 874 solis
375 832 442 876 curu
464 813 554 878 oculo
581 815 676 890 jungit
693 859 711 896 ,Ι
728 829 844 892 propte·

31 911 86 956 rea
108 893 156 955 hic
176 912 259 956 treus
279 890 464 969 languescet,
492 909 544 967 aut
564 891 738 969 disparebit,
755 907 788 968 at
809 891 840 955 in

39 969 154 1047 pundlis
174 974 233 1035 ΚΝ
262 970 540 1049 solipropioribus,
567 993 605 1052 pc
630 984 845 1050 consequenter

8 1125 9 1134 χ
33 1052 125 1126 tnagis
146 1049 371 1128 liquescentibus
401 1051 502 1128 ingens
520 1051 577 1114 etit
597 1053 678 1130 copia
698 1049 853 1128 radiorum,

33 1127 238 1208 refradloturn,
258 1131 308 1206 qui
327 1127 362 1194 ad
382 1129 500 1194 oculum
519 1133 704 1210 pertingunt;
725 1146 840 1208 propte·

2 1284 5 1292 ,
32 1229 83 1273 tea
104 1209 144 1272 ibi
179 1209 308 1274 viridius
331 1207 453 1284 fulgebit
473 1229 583 1289 arcus,
610 1209 739 1286 duosque
767 1208 843 1273 male

32 1287 257 1354 rotundossales
277 1288 440 1368 exhibebit,
461 1309 580 1366 quotuor
603 1291 696 1356 niveae
719 1290 844 1364 particu-

33 1366 73 1436 1ae
94 1389 113 1432 a
132 1369 192 1434 sole
212 1370 384 1434 remotiores
413 1369 509 1432 miuus
530 1369 630 1434 lumin'
673 1365 844 1449 ressedlent,
951 1407 954 1415 ι

32 1445 67 1511 ἀ
88 1448 181 1516 instar
199 1447 500 1527 caudaeapparebunt.
522 1453 604 1514 Eure
630 1449 850 1520 enioneautetn

32 1525 197 1596 lucidorum
225 1527 415 1607 parheliorum
444 1533 503 1594 ΚΝ
533 1526 761 1596 efformabuntur
790 1525 842 1591 alii

33 1605 101 1672 duo
123 1610 218 1675 minus
226 1607 362 1688 splendidi
382 1613 468 1688 LM,
488 1607 607 1673 tandem
615 1608 686 1673 radii
705 1606 773 1671 solis
794 1627 844 1684 per
898 1670 924 1688 l

38 1687 238 1764 liquescentes
258 1688 451 1767 cylindrorum
466 1688 553 1753 bases
572 1686 687 1754 refradli
706 1685 851 1752 coloratas

34 1789 55 1830 z
69 1769 341 1846 onnsptoglgnent.

83 1869 157 1928 753·
179 1853 224 1914 Ex
241 1847 343 1922 eadem
362 1869 462 1914 caussa
485 1847 579 1916 oritur
598 1847 789 1926 Paraseleue,
812 1846 850 1910 si-

31 1951 72 1997 ve
93 1929 303 2012 inagolunae,
324 1947 390 2006 quae
409 1927 537 2008 duplex,
559 1928 606 1994 vel
628 1927 734 2007 triplex
755 1947 846 2004 quan·
937 1966 939 1972 π

30 2013 127 2090 doque
146 2010 278 2087 apparuit
307 2009 383 2068 circa
417 2025 532 2085 ternpus
558 2007 709 2085 plenilunii
727 2011 743 2074 .’
771 2016 845 2078 suut

30 2087 203 2156 Poroselene
222 2091 413 2164 pbaenorneua
442 2087 543 2152 eadem
562 2109 629 2153 cnm
649 2087 843 2168 parheliorunr

31 2165 254 2312 phlouenemenis,
275 2161 458 2230 undeeaderu
480 2184 525 2230 est
535 2167 700 2244 paraselene
721 2167 753 2232 ἀ
776 2172 853 2242 Ptr-¹

29 2258 67 2315 he
81 2252 103 2313 ii
125 2247 169 2310 ori
188 2267 225 2306 o.

73 2267 325 2406 „minolon
346 2322 846 2399 Hugeninusntl’athelinrutncaus·

38 2431 102 2473 sam
123 2402 254 2470 nonnulli
274 2404 438 2483 rejiciunt,
468 2402 544 2480 quod
567 2406 595 2466 hi
614 2405 765 2480 cyliudtuli
787 2407 846 2486 gle-

30 2487 142 2564 ciales,
163 2483 197 2548 dt
218 2485 314 2562 nivei,
348 2499 454 2562 utpote
474 2503 542 2546 aete
562 2485 727 2562 graviores,
748 2487 778 2566 in
798 2504 845 2550 at·
948 2543 960 2558 ,

31 2562 258 2644 mesphaetadiu
272 2563 406 2640 suspendi
429 2581 593 2642 nequeant,
616 2565 660 2626 uti
683 2583 852 2628 necesseest

30 2647 69 2713 ad
95 2661 248 2710 meteoron
268 2643 407 2706 diuturno
423 2660 555 2720 tempore
575 2645 783 2724 exhibendum3
805 2644 854 2708 sed

37 2727 249 2805 gravitatesua
270 2726 300 2787 in
323 2740 427 2788 terrum
450 2721 624 2799 prolabicito
634 2723 772 2788 debeant.
793 2729 855 2790 Ve·

29 2827 101 2878 rum
121 2804 170 2882 qui
190 2804 337 2880 ingentem
349 2804 408 2868 vim
429 2800 553 2865 eledrici
572 2805 646 2880 ignis
666 2807 763 2868 omnia
784 2826 846 2868 rne-

5 2919 12 2926 ·
32 2907 123 2952 tenta
144 2881 327 2960 producentis
347 2883 446 2946 animo
466 2885 648 2959 perpenderit
674 2891 722 2960 ln.
744 2897 805 2959 670
822 2886 852 2960 l:

28 2986 122 3042 etque
144 2961 304 3028 adverterit
314 2983 449 3043 vaporem
471 2957 670 3027 econdudore
691 2981 850 3030 exeuntem

27 3065 132 3113 securn
152 3039 281 3120 deferte,
303 3043 461 3116 attollere,
484 3042 656 3122 suspendere
677 3065 799 3122 corpora
819 3065 853 3110 e·
877 3067 886 3083 ¹

27 3127 105 3191 tiam
125 3121 289 3201 sensibilia,
308 3121 341 3187 dc
362 3121 478 3202 gratie,
500 3125 535 3187 ab
556 3127 611 3186 hoc
633 3145 665 3188 se
685 3123 819 3202 scrupulo
843 3173 876 3206 ,,

27 3207 80 3284 qui
103 3206 133 3266 in
155 3203 548 3278 Hugenisnamsententiam
569 3206 678 3268 moveri
689 3204 785 3282 solet,
808 3201 855 3269 fa-

28 3284 90 3348 cile
113 3281 261 3345 liberabit:
281 3285 426 3360 praeclpue
446 3301 513 3345 cunr
534 3285 708 3359 irrequietus
728 3302 852 3366 motus,

27 3357 305 3443 quopnneliiaffici
324 3360 443 3439 solent,
464 3365 535 3430 satis
544 3362 680 3432 ostendet
700 3361 846 3506 cylinldru-

783 3462 837 3507 os·
