2176 4086
43 261 51 265 *
254 183 384 267 Physicae
404 187 617 253 Particularis.
760 213 814 269 ¹73

41 265 182 344 cendtm‚
202 286 268 343 quae
288 271 317 330 in
340 285 424 332 vasto
444 270 578 334 incendio
597 269 755 349 reperitur,
776 269 854 350 quud

40 367 124 414 certe
149 362 247 410 motus
266 347 373 424 legibus
395 367 558 429 repugnat,
577 372 611 414 ac
632 351 756 427 physicis
775 353 854 416 axio·

39 429 149 506 matis,
168 426 271 503 quibus
279 427 437 494 edocemur
457 428 589 494 effcilum
600 449 749 507 nonposse
768 451 851 495 suam

40 529 173 572 caussam
201 506 354 573 excedere:
383 530 452 588 ergo
478 509 538 576 &c
566 508 697 589 Deinde,
725 509 751 574 si
778 511 892 656 lffniaf

41 590 73 652 in
95 605 177 653 motu
210 589 418 666 particularum
434 591 524 666 igniti
553 590 678 667 corporis
697 594 790 654 consis
808 592 851 669 it,

38 668 100 734 etit
120 687 233 744 semper
253 670 326 748 ignis
348 670 377 733 in
397 669 498 734 eadem
517 667 702 750 quantitate,
723 691 758 734 ac
777 670 852 748 capi·

36 747 157 826 ditate,
186 745 233 810 ubi
254 747 331 813 idem
361 748 498 828 pabulum
518 752 663 828 maneat,
692 770 761 814 cum
790 773 850 816 non

38 829 133 906 possit
153 849 169 891 a
191 830 520 911 seipsnmntusaugeri3
538 852 606 908 ergo
625 827 764 908 llamma,
785 852 851 910 quae

35 906 175 986 pabulam
195 905 383 986 depascitur,
399 911 551 988 augebitur
570 931 755 987 numquam,
775 909 852 988 quod

35 986 147 1052 falsum
167 1005 231 1053 est.
250 993 393 1076 Quamvis
412 1013 481 1069 ergo
502 989 597 1056 nullus
616 992 758 1056 habeatur
778 993 851 1069 ignis

34 1069 146 1146 absque
166 1085 250 1132 motu
267 1069 477 1147 particularum
497 1072 611 1136 accensi
630 1071 774 1150 corporis,
802 1086 851 1138 est

10 1153 139 1216 'tamen
161 1149 233 1225 ignis
258 1149 365 1214 abhoc
387 1170 469 1216 motu
498 1151 581 1230 plane
600 1150 752 1231 diversus,
779 1173 850 1216 cum

34 1231 99 1308 ipse
118 1231 156 1292 sit
177 1249 305 1308 caussa,
340 1253 406 1307 quae
428 1231 586 1310 particulas
614 1234 751 1312 corporis¹
769 1233 848 1312 ptius

34 1312 225 1388 quiescentes
244 1311 356 1388 ingenti
374 1314 506 1378 concitat
525 1330 628 1378 motu.

700 1373 755 1398 ...γ’

34 1471 282 1536 PROPOSITIO
301 1471 345 1531 ll.
369 1471 452 1554 Ignis
469 1487 517 1536 est
547 1471 686 1550 specialis
714 1467 860 1554 quadam*

74 1551 205 1614 materia
225 1545 442 1627 subtilissima,
470 1549 672 1630 solidissima,
693 1551 851 1626 mobilissi-

34 1683 39 1698 .
73 1649 147 1706 ma,
167 1628 210 1700 is·
231 1628 338 1692 eximie
358 1628 502 1710 elamita,
522 1649 576 1710 per
596 1650 680 1695 omne
699 1633 852 1710 spatium,

72 1706 121 1782 br
140 1723 249 1787 corpus
268 1701 395 1785 diffissa.

72 1891 145 1944 ⁴77·
166 1863 329 1930 Probatur.
349 1866 455 1946 {Primo
483 1870 576 1947 ignem
611 1893 674 1937 esse
695 1869 849 1938 materiam
894 1920 896 1926 ,

33 1964 123 2025 patet
145 1967 180 2012 ex
199 1944 345 2010 effeblibus
365 1950 470 2026 ipsius:
490 1947 768 2020 reflciliturenima
783 1972 848 2030 spe·

27 2028 122 2104 culis,
143 2043 298 2107 penetrat,
318 2025 474 2111 rarefncit,
493 2031 626 2097 dissolvit
647 2033 782 2124 coqiora,
806 2028 847 2095 r&

28 2110 61 2172 in
83 2103 208 2172 fluorem
230 2105 352 2192 redigit:
373 2128 486 2175 motum
510 2131 612 2176 eorum
628 2113 793 2188 particulis,
813 2131 849 2176 ac

27 2189 417 2266 impetum‘communicat:
446 2192 496 2267 qni
517 2188 634 2256 effeilus
655 2212 757 2264 omnes
777 2213 851 2254 non·

35 2269 98 2332 nisi
120 2289 137 2332 a
156 2269 300 2350 materia,
320 2266 354 2334 δε
375 2291 493 2348 corpore
513 2273 645 2348 praestari
664 2289 802 2350 possunt.

79 2358 150 2424 ⁴7⁸·
170 2349 257 2436 Quod
278 2367 378 2425 autem
407 2350 480 2428 ignis
507 2351 546 2416 sis
566 2351 697 2430 specialis
716 2350 851 2432 quaedam

28 2429 179 2508 materia,
210 2451 244 2493 ac
265 2431 350 2510 plane
368 2429 481 2496 diversa
509 2432 545 2496 ab
573 2433 729 2511 ignitorum
750 2453 852 2512 corpo·

28 2529 102 2572 tum
124 2510 271 2583 particulis
292 2529 375 2590 patet
396 2517 438 2576 'ex
460 2509 636 2590 praecedenti
655 2514 871 2593 propositione¹

6 2593 42 2670 ἒ(
67 2607 97 2654 rt.
120 2602 179 2666 ⁴7⁶
200 2588 231 2664 l:
261 2609 308 2656 est
331 2593 410 2658 anim
431 2593 505 2672 ignis
526 2592 711 2682 elementatis
731 2615 831 2659 caussa

6 2667 88 2760 lcur
110 2685 379 2750 partescurporum
399 2673 671 2740 combustibiliuma
692 2675 793 2753 quiete
813 2640 853 2739 acl

6 2761 8 2786 ¹
31 2753 189 2828 ingentem
209 2770 323 2816 motum
344 2770 495 2818 momento
521 2771 692 2832 transeant,
723 2755 852 2830 adeoque

29 2846 83 2896 est
104 2831 226 2896 materia
246 2853 361 2911 prorsus
390 2832 492 2898 aliasa
521 2833 671 2913 particulis
697 2853 851 2913 corporum

29 2911 212 2991 ignitarum.
736 2953 739 2960 ·
880 2963 882 2966 -

72 3015 144 3068 ⁴7⁹·
167 2995 244 3056 Haec
266 3013 350 3070 portu
370 2993 511 3073 materia,
531 3013 618 3072 quam
638 2994 772 3078 igneam,
786 2991 849 3058 'vel

7 3065 211 3152 lcalnrificam
225 3075 474 3155 nuncupabimus,
495 3073 644 3154 particulis
665 3074 850 3156 compotitur

7 3150 244 3235 lsubtilissimis3
263 3173 397 3236 penetrat
409 3157 488 3221 enim
508 3157 538 3220 in
547 3145 631 3237 pbros
645 3177 851 3234 quorumcum-

7 3229 88 3310 lque
111 3252 284 3314 corporum,
304 3251 368 3302 tuni
388 3233 558 3318 firmorum,
588 3255 653 3304 tum
674 3235 849 3304 lluidotum:

7 3305 111 3406 inulla
133 3335 259 3392 namque
279 3319 414 3383 novimus
434 3339 552 3397 corpora
574 3317 850 3396 quantumviscom·

27 3392 112 3472 pauc
127 3443 137 3473 ,
155 3393 189 3459 ἁ
209 3394 317 3478 densa,
337 3419 405 3478 quae
426 3400 499 3476 ignis
518 3397 629 3463 sillone
649 3419 708 3460 non
728 3392 851 3462 incales-

29 3491 124 3556 cant,
144 3474 325 3562 dilattntut,
345 3499 380 3546 ac
402 3477 521 3622 tangam
541 3477 775 3618 dissoluantur.8

168 3584 171 3590 ·
516 3581 535 3635 3
739 3579 807 3628 40.

578 3712 610 3725 N-
