2156 4078
131 203 138 222 ’
225 212 357 295 Physica
378 216 587 286 Particularis.
721 245 774 300 ¹¹7

35 295 74 364 nim
91 297 172 360 unlus
192 297 290 376 digiti,
321 319 370 362 seu
393 302 481 364 trium
503 295 605 374 ferme}
632 300 811 368 minutorum

34 377 166 452 amplitudo
196 399 292 443 secum
324 383 419 443 trabat
456 380 642 458 altitudinem
671 379 733 446 fere
757 393 814 446 180

33 457 223 536 milliariorum,
243 457 366 532 annulus
386 479 514 602 uer01per
530 461 623 539 plures
642 461 744 538 gradus
762 483 813 526 ex·
855 468 859 476 '

31 535 168 618 prodatur,
186 537 312 616 profedlo
340 539 424 603 nimis
467 559 531 606 oret
551 542 682 606 immanis
710 547 806 608 Lunae

34 621 214 698 aruosphaera,
243 641 277 684 ac
298 618 392 684 multo
421 623 512 699 major
541 623 702 704 terrestri.¹
720 622 810 688 Adde

32 698 101 761 annuli
119 699 227 764 lunaris
247 699 363 778 lumen,
384 699 454 764 licet
471 699 569 764 solaris
588 698 808 780 pallidius,esse

29 783 102 842 lamen
122 781 197 844 odeo
217 779 367 850 vividum,
387 797 420 842 ut
441 779 620 858 clarocaelo,
641 783 811 856 quostiam

30 854 76 921 lrae
92 859 294 938 occultantur,
316 859 395 924 nobis
409 857 459 922 fiat
485 859 614 940 visibile;
635 863 704 940 hine
721 862 744 922 si
765 877 811 924 at-

28 943 167 1014 posphaera,
182 944 279 1004 Lunae
299 961 349 1016 par
370 955 416 1004 est
438 953 555 1004 tantum
580 937 727 1004 refleoen
749 939 808 1002 uim

27 1015 133 1096 luminis,
154 1021 303 1099 apparebit
323 1021 413 1083 etiam
435 1018 598 1085 illuminata
620 1021 649 1084 iu
678 1019 813 1084 omuibus
896 1037 898 1050 ·

27 1100 96 1162 lunae
116 1101 269 1178 passibus,
290 1095 417 1166 &ultra
437 1119 547 1166 cornua
566 1119 697 1180 assurget
713 1099 812 1178 splen·

26 1173 86 1259 dida,
105 1185 175 1258 quin
195 1179 318 1244 obtundi
337 1181 427 1258 possit
447 1202 464 1244 a
485 1181 621 1258 primario
639 1187 745 1260 lbunae
767 1179 812 1242 lu-

26 1255 96 1336 uine,
115 1262 203 1336 quod'
215 1264 304 1339 impar
325 1280 371 1326 est
392 1258 496 1338 stellas,
506 1281 618 1340 quartae
638 1264 729 1328 etiam
749 1283 810 1326 ma·

26 1339 160 1412 guitudinis
181 1343 315 1406 obruere:
336 1341 487 1417 multoque
505 1345 593 1421 magis
613 1345 806 1421 atmosplroers

26 1418 106 1503 burris
127 1423 275 1499 apparebit
296 1419 441 1496 splendida
462 1421 537 1484 circa
559 1422 726 1500 noiilunia,
746 1443 806 1497 quo

26 1517 127 1576 tmpore
147 1503 316 1578 primarium
333 1501 426 1559 Lunae
444 1497 542 1560 lumen
560 1499 631 1562 adeo
646 1517 737 1564 tenue
745 1517 811 1575 est,

26 1595 41 1640 rr
63 1579 167 1644 lumen
195 1602 211 1641 a
241 1596 319 1640 terra
353 1575 496 1636 reflexum
526 1579 626 1638 annuli
662 1575 811 1654 splendore

26 1659 89 1724 nulto
110 1657 236 1729 debilius
258 1675 436 1732 nequaquam
455 1655 615 1719 obtundere
632 1657 729 1729 ualeat
751 1655 762 1730 (
783 1671 811 1716 n.

26 1735 269 1815 ripuariam,
292 1737 314 1798 si
332 1733 429 1796 annuli
440 1733 537 1797 lumen
558 1753 631 1801 esta
652 1735 811 1800 reflexione
870 1753 872 1758 ·

26 1823 203 1897 rtmosphaerae
220 1814 343 1892 lunaris,
363 1817 422 1893 iarn
446 1817 474 1876 io
494 1817 551 1892 ipsa
567 1837 680 1896 quoque
700 1811 813 1879 refran-

26 1917 101 1972 ututur
121 1894 216 1974 radii,
245 1896 375 1970 adeoque
413 1897 590 1962 mutationes
619 1900 648 1961 in
684 1895 810 1960 siderum

26 1977 246 2042 occultationibus
269 1975 424 2052 inducent,
446 1977 521 2052 quod
552 2000 609 2042 non
638 1978 811 2056 contingere

26 2058 63 2132 lan
80 2059 249 2122 notavimus
269 2058 317 2132 (rr.
329 2067 385 2132 298
399 2105 409 2134 ,
424 2056 519 2132 302).

48 2153 105 2212 306.
129 2143 274 2202 Caussam
295 2159 379 2213 porro
399 2139 516 2215 hujusce
539 2138 637 2204 annuli
670 2133 811 2212 multipli-

26 2235 66 2279 :enr
90 2221 310 2296 assignaverunt
346 2220 518 2282 Astronomi
534 2235 546 2286 ,¹
573 2217 698 2306 Quidam
732 2215 812 2279 enirn

26 2315 144 2368 putarunt
165 2300 236 2362 oriri
252 2293 465 2386 adIfrablione,
496 2301 556 2364 sive
575 2299 733 2364 inflexione
764 2317 809 2360 so-

26 2375 67 2440 laris
85 2377 203 2442 luminis
226 2399 311 2458 prope
333 2378 474 2458 margines
494 2383 608 2460 Lutra,
636 2399 703 2442 cunr
723 2397 810 2450 expe-

26 2457 103 2524 rientia
130 2475 251 2524 constet
283 2459 378 2522 radios
410 2480 496 2538 prope
517 2463 653 2528 extimam
684 2457 806 2534 alicujus

26 2533 74 2609 nbi
92 2537 273 2619 superficiem
291 2541 491 2620 transeuntes,
506 2540 683 2620 intorqueri,
698 2537 730 2601 dt
756 2541 801 2600 iu-

26 2613 78 2681 leni
96 2622 274 2698 introrsum,
293 2621 322 2682 in
342 2614 474 2684 umbram
494 2622 581 2700 ipsius
596 2619 690 2699 globi,
711 2615 744 2684 &
767 2617 811 2678 lu·

26 2695 77 2762 ridas
94 2701 221 2764 fimbrias
242 2703 349 2770 circam
370 2701 465 2776 ipsum
482 2702 620 2768 efficere.
642 2707 685 2764 At
703 2700 809 2768 Huius

26 2777 150 2848 observans
171 2781 308 2864 asperum
327 2779 453 2857 lapidum
473 2783 588 2860 globum
614 2781 654 2844 ita
683 2777 740 2848 Soli
762 2796 811 2837 ex-

26 2862 144 2948 positum,
167 2879 208 2925 ut,
225 2862 439 2940 ipsum-tegat,
459 2882 594 2940 apparete
615 2861 644 2921 in
666 2858 757 2920 limbo
768 2853 812 2948 lu⁴

26 2937 225 3020 adimpropter
245 2941 339 3006 radios
367 2961 417 3014 per
448 2945 620 3023 asperitates
644 2958 680 3001 ex
708 2941 798 2999 hemi·

26 3023 120 3093 raherio
146 3017 314 3089 illuminato
344 3023 373 3084 in
385 3020 538 3102 obscurum
569 3016 721 3096 reflexos,
742 3035 813 3080 ten·

26 3100 63 3162 uit
82 3099 213 3168 lunarem
235 3101 373 3169 annulum
396 3101 464 3180 ‚fieri
493 3123 529 3166 ex
558 3099 642 3164 radiis
662 3095 733 3164 Solis
774 3093 812 3160 ab
837 3115 846 3172 3

26 3178 119 3247 obverso
138 3177 235 3254 lunari
256 3183 467 3262 haenrisphatrio
486 3183 516 3246 in
537 3183 689 3246 obscurum
708 3196 813 3267 peras3

26 3262 142 3332 letitates
173 3261 319 3330 reflexist
343 3263 402 3328 nbi
433 3260 548 3328 tandeni
578 3263 687 3326 lunaris
713 3249 814 3320 aovnulr

26 3358 131 3412 cblastum
153 3343 375 3408 dixeruntesse
388 3343 459 3408 Solis
480 3347 720 3422 otmosphaerurn,
746 3350 813 3412 quae

26 3425 135 3489 rtunae
159 3425 247 3491 limbo
267 3424 449 3506 exorbitans,
483 3442 570 3506 atque
592 3415 741 3508 splendore
762 3419 817 3476 So·

26 3495 231 3594 lasilluminata
251 3503 390 3576 annulum
403 3505 528 3586 ,exbibet
549 3503 577 3570 iu
598 3514 681 3566 tants
705 3493 815 3638 ditataoj

75 3619 78 3626 .
376 3601 411 3623 a
488 3599 491 3606 ·
622 3593 625 3598 ’
747 3594 776 3636 [a
