2146 4084
216 337 221 346 .
262 288 279 350 8
544 283 732 350 utinense
864 341 872 354 .

204 429 207 434 r
225 388 254 432 ra
266 295 462 442 cbncedatur,
484 363 650 435 nonidcirco
659 363 734 428 uires
750 361 829 441 capit
839 364 1042 430 Newtoniam'

226 447 340 510 theoria
352 463 362 525 ,·
391 443 435 509 lex
456 445 551 524 enim,
579 465 646 521 quae
667 465 747 508 areas
768 465 834 508 cum
857 447 1041 520 temporibus

222 527 390 605 conjungit,
421 545 506 601 aequo
528 523 614 588 modo
633 539 730 602 potest
752 525 855 588 habere
889 522 1041 588 locumiu

204 620 381 680 systemate
401 605 564 682 vorticum,
584 625 708 680 quorum
730 621 827 667 motus
848 601 982 699 debilior
1001 605 1042 670 di·

221 699 306 748 catur
328 705 378 760 pro
397 683 500 762 maiori
521 683 698 748 distantia-a
719 701 821 748 centro
851 703 896 747 sur
919 703 1039 765 motus,

180 822 189 837 „
221 784 279 840 quo
298 783 366 826 casu
388 763 538 828 decrescet
560 765 602 826 vis
632 765 800 830 iuratione
824 765 948 830 inversa
972 787 1039 843 quo·

218 841 367 906 «iratorum
388 842 555 907 distantiae.
1064 917 1065 926 χ

265 945 329 996 230.
360 927 512 988 Caet'um
556 939 638 988 totus
666 922 807 996 Neutoni
846 925 982 992 calculus
1010 927 1037 992 iu
1064 931 1066 938 ’

222 999 392 1084 pluribusc
439 1001 545 1084 ditat,
564 1005 598 1078 1,
627 1005 767 1081 supponit
790 1009 884 1069 Lunae
914 1029 933 1070 a
958 1025 1036 1073 term
1063 992 1066 1042 ¹

224 1079 397 1160 distantiam
412 1101 475 1144 esse
487 1081 666 1144 terrestrium
676 1083 961 1163 semidiametrorum
984 1102 1037 1167 oo,

156 1207 163 1214 t
222 1180 291 1233 cum
314 1175 412 1223 tamen
437 1161 531 1222 minor
551 1183 566 1223 a
588 1161 910 1239 pluribusmtrononis
933 1168 1035 1232 habeu-
1070 1191 1072 1226 i

219 1255 289 1314 tur,
317 1239 494 1316 conveniant
515 1259 584 1304 tero
606 1263 709 1306 omncs
728 1247 801 1308 baruc
822 1245 957 1310 nondum
979 1267 1038 1312 cer-
1069 1267 1072 1322 t

217 1333 254 1380 to
275 1318 452 1383 innotu’sse.
475 1323 522 1396 Ii,
544 1324 684 1400 supponit
704 1327 1035 1400 terramquiescenten·
1067 1347 1072 1400 t

220 1397 316 1474 posito
338 1343 417 1462 endan
433 1417 516 1464 motu
538 1417 625 1467 terrae
645 1405 830 1480 cuperniceo,
851 1407 939 1484 juxta
948 1413 1036 1472 Nen-
1067 1413 1072 1468 i

222 1492 325 1540 tonum
347 1477 441 1554 ipsum
467 1476 609 1544 distantia
640 1481 788 1547 retunsa
809 1487 894 1548 Luna
926 1505 977 1554 est
996 1509 1036 1551 se·

219 1554 467 1623 midiametrorum
491 1573 529 1624 60
553 1559 599 1638 ξε
629 1563 728 1640 sitque
752 1565 831 1628 sinus
852 1585 960 1630 versus
982 1571 1035 1630 LD

221 1632 256 1698 fit
277 1635 381 1712 pedum
400 1661 452 1716 ις,
474 1640 614 1705 linearum
630 1653 682 1720 ru,
703 1643 779 1708 unde
799 1645 960 1712 descensus
980 1651 1035 1710 Lu·
1071 1672 1072 1707 i

222 1735 269 1780 uae
292 1737 349 1778 non
376 1719 503 1783 servabit
532 1724 707 1798 assignatam
729 1725 952 1800 proportionem
972 1745 1035 1790 cum

222 1795 352 1868 gravium
385 1795 473 1860 libero
500 1798 598 1874 lapsu.
627 1803 697 1878 111,
728 1805 819 1868 Linea
842 1807 890 1865 Lu
911 1825 1035 1871 nonest
1060 1822 1072 1868 r

210 1886 343 1948 ,tangens
363 1873 522 1950 exprimens
553 1880 613 1942 vim
640 1881 840 1962 poputum,
868 1905 941 1948 curn
976 1906 1035 1951 ran-
1061 1907 1072 1958 u

221 1971 292 2045 gent
312 1951 353 2016 sit
373 1949 447 2018 linea
471 1959 563 2036 maier
585 1961 625 2022 IL
647 1961 658 2036 (
677 1965 784 2027 Germ..
798 1983 825 2026 n.
852 1966 951 2047 124);
968 1969 1035 2030 binc
1061 1999 1072 2027 i

222 2050 266 2092 trs
293 2031 446 2108 gravitatis
476 2057 533 2100 non
565 2039 715 2106 exhibetur
751 2044 813 2106 sinu
844 2065 933 2109 verso
962 2051 1037 2124 LI),

223 2107 273 2172 sed
298 2111 374 2178 linea
395 2115 495 2193 majori
520 2121 591 2182 IM.
616 2125 680 2200 lV,
701 2123 845 2203 Caiculus¹
860 2129 1036 2191 Newtouia·

222 2210 276 2253 nus
300 2189 395 2256 locum
417 2215 474 2256 non
496 2197 601 2276 habet,
622 2201 668 2264 ubi
678 2204 855 2281 accipiamus
869 2227 958 2271 arc-us
980 2228 1038 2270 ma·

222 2272 317 2370 jures,
339 2267 384 2352 tel
405 2274 550 2354 minores,
567 2299 640 2342 artu
664 2287 770 2346 aLuna
790 2284 943 2364 descripto
965 2305 1040 2352 tem·

221 2349 397 2423 perennius
427 2355 534 2418 minuti
556 2359 664 2436 ‘primiz
693 2367 805 2426 etenim
832 2365 856 2428 si
886 2387 1040 2432 sumamus

220 2447 320 2490 arcum
344 2449 509 2506 percussum
535 2445 737 2520 tempore15¹
756 2445 791 2524 ¹,
811 2447 874 2524 ejus
884 2447 966 2511 sinus
977 2469 1040 2512 ver·

220 2529 269 2570 sus
290 2525 337 2570 est
358 2509 497 2585 pollicum
521 2543 574 2595 rr,
597 2519 737 2587 linearum
764 2546 797 2604 3,
818 2545 908 2603 quare
931 2529 982 2591 hic
1004 2530 1040 2592 si·

223 2607 278 2650 nus
298 2588 539 2670 quadruplicatus
559 2599 638 2664 dabit
666 2605 791 2680 spatium
813 2611 1041 2682 percurrendum

219 2687 237 2729 a
258 2664 453 2765 descendente
473 2673 549 2741 linea
572 2697 701 2759 tentpore
720 2682 897 2768 quadruplo,
930 2709 1039 2767 nempe

223 2769 281 2842 uno
301 2769 418 2836 minuto
441 2756 550 2830 primo:
569 2777 601 2823 at
624 2762 790 2839 produdum
849 2766 952 2831 liicum
979 2795 1041 2846 rr,
1071 2835 1072 2856 ,

219 2827 360 2914 iustarum
380 2841 398 2898 “2
423 2854 474 2910 per
494 2849 513 2908 4
534 2837 584 2904 dat
605 2841 691 2920 pedes
715 2865 750 2923 3,
773 2869 809 2919 po
822 2845 892 2912 lires
907 2869 945 2922 9:
966 2869 1041 2927 ergo

222 2930 279 2970 nun
301 2929 448 2986 percurret
470 2918 553 2982 Luna
576 2923 668 2996 primo
677 2925 791 2990 minuto
814 2927 966 3008 pedesr5,
994 2931 1042 2993 uti

219 2988 417 3058 demonstrare
437 2996 543 3062 nititur
564 3001 743 3066 Newtonus:
765 3027 834 3084 ergo
848 3011 973 3086 sumptis
998 3012 1043 3074 di·

221 3069 309 3132 versis
330 3075 470 3154 artubus,
501 3082 610 3144 corruit
631 3082 749 3148 adduda
771 3090 930 3166 spatiorum
955 3111 1043 3155 men·

199 3167 299 3214 sura.
321 3155 366 3231 V,
388 3159 554 3220 Newtonus
575 3181 722 3240 comparat
744 3181 857 3232 motum
865 3172 1043 3236 Luuaeres-

213 3227 275 3294 iem
295 3252 362 3319 cum
385 3252 468 3299 motu
493 3239 622 3312 grauium
644 3250 791 3320 apparenti
811 3270 820 3330 3
846 3251 980 3329 etenim,
1006 3267 1043 3316 ut

217 3312 276 3387 jam
297 3312 481 3390 dicebamus,
503 3317 532 3378 in
553 3321 608 3384 hoc
626 3322 935 3410 calculosupponitur
959 3349 1043 3397 terra

206 3393 390 3472 -quiescens,·
421 3393 538 3460 aliunde
572 3423 640 3465 vero
667 3427 717 3483 per
747 3409 925 3475 adversarios
958 3429 1042 3477 ren-a

221 3490 358 3537 ororetur
377 3479 454 3538 circa
475 3482 620 3556 proprium
642 3506 743 3565 axem,
773 3490 905 3568 adeoque
933 3496 1043 3570 gravia

1059 1741 1072 1809 ’κ

217 3552 294 3627 iutra
319 3550 433 3618 telluris
449 3565 670 3648 armusphaernm
680 3567 813 3645 degentia
833 3591 883 3650 per
906 3575 1043 3638 totidem

868 3669 999 3731 tongen-
