2146 4084
20 244 22 258 ,
277 179 406 266 Physirae
425 184 642 253 Particularis.
786 215 822 274 ⁷7

18 263 25 330 l
102 269 199 347 213.,³,
225 265 316 346 Igitur
345 287 394 344 per
417 267 585 359 Cartesium
605 265 700 348 spatie
726 267 863 334 coelestia

18 349 21 388 '²
68 349 214 426 opplentur
235 347 357 410 materia
371 347 487 412 secundi
510 364 555 411 sur
576 347 733 426 elementi,
754 353 861 427 qneein

18 427 24 504 ;'
67 432 158 492 varios
176 425 316 492 dividitur
337 429 480 507 vortices,
498 427 777 507 sphaericosquidem
797 435 862 510 jur·
911 478 918 498 ,ι

18 507 20 580 l
72 525 102 570 ta
130 509 317 587 cortesium,
348 506 521 585 cylindricos
547 531 617 574 vero
649 511 730 588 juxto
757 511 830 592 alios
846 545 859 572 ·.

18 581 21 626 l
72 589 234 652 Communis
254 587 384 652 omnium
406 590 552 654 vorticum
573 591 694 664 materia
714 591 789 656 circa
811 597 862 654 So·

18 667 20 708 l
67 665 140 745 lem,
168 667 260 732 veluti
281 669 355 733 circa
375 683 510 732 centrum
530 670 565 734 ab
589 687 656 734 ortu
676 671 707 734 in
726 691 862 736 occasum

18 747 20 790 ²
66 747 225 814 revolvitur
246 769 281 813 es
302 747 385 826 lege,
406 765 441 812 ut
464 765 559 828 partes
579 749 636 812 soli
658 746 863 815 vicinioresce·

18 831 20 870 l
61 827 178 908 letius,
208 831 380 893 remotiores
410 845 508 895 autem
532 827 653 893 tardius·
674 847 877 898 moveantur..

18 925 19 950 ¹
62 907 312 995 Quemadmodum
335 927 419 988 porro
446 908 622 981 incirculos
651 911 763 988 agitata
790 930 865 986 aqua

18 991 19 1028 l
61 991 228 1055 innatantes
237 991 289 1068 ipsi
312 986 477 1054 festucesiu
495 1010 597 1066 gyrum
616 987 718 1070 ducit,
738 991 783 1054 ita
800 1009 865 1064 coe·

53 1069 145 1132 lestis
171 1070 293 1134 materia
313 1069 391 1134 *circa
413 1067 507 1133 Solem
539 1069 864 1136 revoluta⁸innatantia
900 1109 901 1117 κ

53 1149 116 1226 ipsi
140 1149 230 1213 sidera
248 1147 350 1214 eodem
369 1149 473 1226 abripit
501 1149 634 1216 circulari
655 1167 755 1216 motu.
783 1152 864 1214 Tota

59 1234 129 1292 haec
149 1231 271 1293 materia
292 1227 474 1296 dissimilibus
493 1247 612 1296 constat
632 1231 800 1311 particulis,
820 1228 864 1292 dis
971 1293 980 1308 ,

54 1310 141 1372 *versi
161 1307 312 1388 ponderis,
340 1309 502 1387 crassitiei,
520 1311 743 1391 magnitudinis,
766 1331 800 1375 ac
818 1310 887 1373 di·-

56 1410 155 1453 versae
175 1391 219 1452 vis
226 1407 236 1468 ;
262 1409 329 1465 quae
349 1389 494 1466 segniores
513 1389 683 1455 admotum
704 1408 792 1468 sunt,
819 1387 864 1454 lo·

52 1489 128 1533 curn
151 1483 295 1543 occupant
316 1466 369 1529 soli
388 1467 576 1530 viciniorem:
605 1487 673 1532 sunt
695 1486 794 1534 autem
815 1491 862 1533 re-

18 1609 19 1612 ,
52 1551 232 1622 motiones,
262 1565 328 1622 qum
341 1545 451 1634 'rnajori
478 1547 507 1609 vi
526 1544 689 1625 centrifuga
717 1547 861 1630 gaudenr3

49 1643 166 1694 omnes
184 1643 321 1688 tamena
348 1641 454 1688 centra·
477 1643 620 1690 conantur
646 1627 783 1693 recedere
813 1647 866 1704 ptr
958 1683 968 1704 ,

29 1731 31 1737 ’
51 1721 219 1784 tangentes
238 1701 358 1783 circuli,
378 1725 464 1779 quem
484 1706 647 1772 describunt
667 1711 679 1786 (
696 1705 768 1784 Phy.
791 1712 863 1772 Gerr.

53 1811 84 1854 n.
102 1799 158 1863 3⁶7
173 1783 202 1858 ).
221 1785 287 1848 Pari
307 1782 392 1847 modo
413 1783 508 1849 stellae
534 1787 642 1852 habent
669 1787 812 1854 diversam
843 1809 861 1852 a

55 1863 357 1934 centrodistantiatn:
380 1885 482 1940 nempe
500 1885 568 1932 sunt
585 1872 772 1944 remotiores,
793 1887 862 1946 (μω

55 1947 206 2012 densiores
226 1960 296 2008 sunt
315 1944 467 2022 mutuique
477 1948 615 2022 aptiores
632 1997 641 2027 ,
669 1965 739 2014 sunt
758 1965 861 2013 cutem

54 2024 111 2092 axi
130 2025 299 2103 propiores,
328 2041 396 2100 quar
423 2022 528 2086 minori
555 2025 666 2101 pollent
694 2025 861 2106 centrifuga

54 2109 112 2170 vi.
129 2109 164 2166 ln
181 2103 332 2168 communi
354 2101 447 2164 totius
468 2103 602 2168 materiae
623 2105 749 2182 vortice,
777 2101 811 2167 dt
831 2126 862 2166 a·

53 2185 90 2250 lii
114 2183 246 2248 existunt
268 2179 424 2262 peculiares
445 2183 586 2260 vortices,
616 2185 664 2262 qui
681 2187 793 2262 'praeter
812 2201 862 2262 pe*

47 2263 189 2332 neralem
216 2261 333 2327 maximi
362 2261 480 2324 vorticis
508 2280 622 2328 motum
655 2265 763 2331 habent
792 2269 862 2329 stlos

52 2343 220 2426 peculiares
241 2363 336 2420 axes,
364 2341 441 2404 circa
461 2362 533 2419 quos
559 2345 675 2410 interim
694 2362 831 2412 rotantur
852 2363 861 2406 r

50 2429 100 2493 sic
122 2445 154 2490 v.
174 2445 214 2502 gt.
242 2422 329 2488 tellus
349 2420 434 2486 habet
464 2443 549 2486 suum
576 2425 749 2502 peculiarem
769 2427 862 2491 vorti-

50 2527 143 2582 cem,
164 2507 213 2582 qui
233 2502 351 2568 devehit
370 2505 486 2568 Lunam
505 2504 582 2568 circa
602 2504 758 2573 tellurem.
779 2503 861 2572 ldem

49 2589 139 2653 dicas
159 2583 196 2650 de
213 2591 301 2668 Jove,
323 2603 357 2646 ac
377 2589 520 2660 Saturno,
546 2587 621 2652 circa
643 2607 714 2666 quos
734 2607 752 2652 a
771 2607 861 2668 pecu*

49 2667 179 2734 liaribus
199 2663 356 2729 vorticibus
375 2664 537 2729 secundarii
559 2667 790 2732 transferuntur,
811 2667 860 2730 Ne

48 2765 164 2815 autem
185 2741 361 2810 difficiletibi
381 2743 515 2810 videatur
533 2745 692 2822 peculiares
701 2748 774 2811 istos
794 2767 860 2810 ror-¹

47 2831 133 2896 tices
156 2828 232 2892 circa
251 2845 335 2890 suum
356 2845 439 2890 avem
448 2827 575 2904 moveri,
596 2847 654 2904 quo
674 2843 861 2905 temporete-

47 2907 153 2974 nerali
174 2908 267 2971 totius
294 2907 413 2996 vorticis
434 2905 529 2969 motui
549 2905 779 2986 obtemperant,
810 2904 862 2970 ad·

43 3006 159 3056 vertas
179 3003 295 3066 oportet
314 2985 442 3064 singulos
462 2985 589 3050 vortices
611 2987 752 3066 propriam
773 2987 859 3058 habe-

43 3091 82 3136 re
104 3072 262 3133 materiam
282 3065 318 3132 ab
336 3067 457 3132 aliorum
481 3069 604 3132 materia
624 3067 784 3150 diversam,
814 3071 862 3136 sic·

38 3151 108 3217 alia
132 3165 182 3214 est
202 3149 324 3216 materia
337 3146 623 3231 tellurcmarubiens,
643 3149 717 3232 alia,
738 3153 860 3230 quanio*

42 3251 144 3308 vem,
165 3229 211 3294 rel
234 3237 390 3295 saturnum
410 3227 588 3293 circumdat:
609 3233 677 3298 hinc
696 3253 780 3308 porro
796 3231 859 3326 lit,

43 3330 86 3376 ut
110 3309 221 3386 singuli
240 3311 366 3376 vortices
385 3311 510 3374 habeant
526 3313 653 3390 proprios
674 3327 792 3386 motus,
809 3331 859 3388 qur

41 3405 184 3455 manent
202 3389 402 3470 impermixti,
431 3389 499 3480 dum
527 3389 646 3456 interim
665 3388 792 3467 generali
813 3407 859 3453 to-

43 3473 118 3537 tius
141 3470 263 3538 vorticis
281 3486 365 3542 motu
382 3481 612 3616 transgruntur.
631 3473 700 3536 Hoc
720 3485 766 3536 ert
786 3474 859 3534 Car-

526 3569 540 3624 3
641 3599 653 3606 .
784 3567 829 3615 te-
